3221 5163
1033 524 1419 581 EINHARDI
1457 524 1648 580 VITA
1684 523 1984 580 KAROLI
2021 523 2100 582 M.
2533 523 2680 580 XXI

675 708 822 792 01)
871 709 1056 776 Par
1075 708 1485 774 isiensis
1530 729 1633 772 nr.
1674 714 1883 773 10758
1938 704 2186 790 (Suppl
2238 708 2383 773 Lat.
2430 707 2675 792 164012),

451 822 612 866 saec.
618 791 744 882 ἶΪΧ,
805 801 881 864 de
925 820 1046 881 quo
1088 819 1288 880 supra
1339 798 1576 862 monui.
1669 797 1755 862 B.
1802 819 1883 864 m.
1933 799 1993 864 J
1988 798 2115 876 affe
2160 818 2299 862 eum
2345 797 2679 880 diliyenter

453 889 723 955 eoecussit
765 896 838 970 et,
885 895 955 953 ut
999 887 1133 952 eius
1178 886 1382 952 verbis
1425 893 1592 966 utar,
1644 886 1829 952 ‘bunc
1872 887 2009 967 fere
2053 886 2238 952 unice
2274 888 2534 953 secutus'
2568 894 2673 952 est.

455 980 673 1060 Neque
719 985 928 1044 tamen
973 976 1227 1076 sinyula
1261 976 1496 1041 verbal
1525 997 1721 1057 neque
1759 976 1829 1041 in
1860 976 2225 1040 universum
2262 975 2414 1041 libri
2444 977 2674 1056 forma,

389 1093 414 1132 5
449 1075 522 1132 ut
565 1067 744 1133 laudi
788 1065 1027 1130 nimiae
1084 1065 1143 1129 ei
1185 1064 1506 1146 impensae
1550 1065 1996 1145 assentiamur,
2063 1059 2330 1130 suadere
2386 1072 2673 1146 possunt.

450 1157 560 1220 Ex
618 1157 730 1220 hoc
789 1155 1136 1236 descriptus
1191 1160 1282 1218 est
1334 1152 1506 1236 01²⁸)
1568 1153 2189 1219 Parisiensis
2246 1174 2348 1218 nr.
2394 1159 2563 1218 4628
2590 1155 2673 1235 A,

449 1244 666 1310 itidem
711 1266 870 1308 saec.
909 1244 996 1308 X.
1046 1249 1348 1308 exaratus
1394 1240 1504 1324 (P.
1553 1263 1657 1306 nr.
1694 1242 1787 1325 6).

673 1351 818 1434 02)
883 1349 1398 1416 Vaticanus
1441 1348 1610 1414 inter
1647 1349 2153 1415 Palatinos
2192 1370 2297 1414 nr.
2332 1355 2480 1429 243,
2530 1349 2677 1414 olim

454 1441 521 1506 S.
557 1442 635 1504 N
627 1461 839 1505 acarii
868 1438 1462 1529 LaureshamensiS,
1483 1461 1524 1503 a
1555 1439 1608 1501 b.
1634 1461 1714 1502 m.
1741 1439 2109 1504 Bethmann
2143 1435 2183 1517 (
2177 1437 2465 1504 ‘Archiv
2497 1439 2619 1504 XI
2614 1440 2673 1521 I

364 1555 416 1594 ιο
441 1552 508 1611 p.
547 1529 700 1610 332)
753 1528 829 1594 in
886 1551 1042 1596 saec.
1081 1527 1216 1608 IX,
1265 1551 1308 1593 a
1321 1523 1425 1591 V.
1441 1519 1585 1593 Ul.
1636 1527 1823 1608 Mau,
1894 1527 2004 1610 qui
2072 1550 2211 1592 eum
2279 1549 2418 1592 cum
2486 1527 2672 1592 editis

451 1618 856 1718 comparavit,
915 1617 1264 1716 potius-‚in
1323 1638 1484 1682 saec.
1537 1617 1627 1681 X.
1675 1579 1941 1697 positus.
2038 1616 2453 1705 Praefatione
2508 1623 2679 1682 caret

451 1713 507 1772 et
549 1707 624 1772 in
683 1709 829 1788 fine,
891 1705 1303 1788 quaternione
1361 1705 1610 1786 amissO,
1681 1727 1945 1770 mancus
1990 1712 2098 1770 est.
2203 1697 2486 1770 Ceterum
2544 1705 2675 1771 ubi-

449 1818 564 1878 que
623 1797 758 1875 fere
813 1817 950 1861 cum
1006 1794 1061 1861 O
1087 1802 1116 1859 1
1169 1793 1470 1876 convenit,
1533 1793 1950 1877 neyliyentius
2013 1801 2221 1859 tame-n
2275 1801 2574 1860 exaratus
2620 1800 2678 1859 et

448 1906 579 1950 non
617 1885 848 1968 paucis
893 1884 1139 1950 mendis
1184 1904 1496 1965 aspersus.

363 1998 413 2037 ιε
661 1975 811 2038 Huc
866 1973 1194 2056 pertinent
1257 1972 1448 2038 etiam
1523 1971 1795 2038 codices·
1839 1973 1895 2038 Ο
1922 1973 1986 2052 3)
2056 1971 2676 2038 Parisiensis

380 2068 387 2079 “
449 2084 548 2127 nr.
603 2069 814 2127 17656
889 2058 1120 2141 (Notre
1187 2061 1398 2126 Dame
1448 2060 1599 2143 133)
1672 2084 1833 2127 saec.
1880 2059 2054 2126 XII.
2122 2068 2181 2127 et
2244 2061 2355 2144 qui
2424 2061 2675 2126 Pertzio

449 2155 636 2216 teste²
685 2149 750 2233 (8
799 2159 858 2216 et
903 2152 979 2214 8*
1023 2148 1251 2232 notati)
1300 2171 1376 2214 ex
1421 2171 1490 2214 eo
1537 2149 1887 2231 descriptus
1930 2157 2021 2215 est
2059 2149 2675 2215 Parisiensis

449 2261 549 2305 nr.
614 2247 805 2322 6187,
883 2262 1042 2305 saec.
1108 2239 1351 2321 XIII,·
1451 2237 1605 2319 04)
1700 2238 2011 2303 Musei
2097 2239 2676 2304 Britannici
2746 2310 2770 2329 κ

449 2351 549 2394 nr.
599 2337 813 2394 21109
876 2328 1057 2411 (olim
1107 2327 1708 2409 Steinvelde‘n'sisjss;
1764 2327 1873 2408 qui
1919 2329 2416 2411 Madelyardam
2460 2350 2674 2394 concu-
2728 2329 2743 2348 '⁴

359 2444 412 2482 20
449 2418 665 2484 binam
731 2420 993 2500 addunt,
1065 2419 1638 2483 loomin-‘de'
1685 2417 1947 2496 filiabus
2006 2417 2247 2482 Karoli
2308 2415 2383 2482 in
2453 2416 2508 2483 O
2528 2425 2584 2480 1.
2633 2425 2671 2482 2

453 2507 749 2572 omissum
793 2506 1210 2572 retinuerunt.

662 2598 775 2661 Ea·
831 2597 932 2661 his
991 2596 1304 2662 codicibus
1363 2617 1502 2661 cum
1547 2617 1625 2661 ea
1670 2602 1987 2660 enotarem
2032 2616 2191 2677 quae
2236 2596 2513 2661 alicuius
2556 2618 2676 2661 mo-

450 2686 644 2751 menti
702 2708 832 2751 esse
887 2685 1267 2751 videbantur
1309 2687 1398 2749 ad
1440 2684 1759 2750 lectionem
1806 2690 2119 2766 acceptam
2172 2686 2577 2767 probandam
2622 2692 2680 2749 et

438 2775 736 2840 *diversas
808 2773 961 2840 libri
1034 2772 1424 2839 recensiones
1499 2780 1558 2838 et
1630 2772 2023 2838 arbitrariae
2096 2773 2471 2839 mutationes
2544 2775 2677 2839 iam

362 2888 414 2927 25
449 2886 610 2929 saec.
649 2864 738 2929 X.
785 2865 996 2944 factas
1040 2862 1510 2943 diiudicandas,
1559 2864 1736 2927 baud
1779 2862 1979 2943 timeo,
2028 2884 2107 2926 ne
2160 2862 2491 2927 lectoribus
2536 2885 2678 2927 vere

449 2952 546 3017 rei
589 2952 848 3018 criticae
893 2951 1194 3017 studiosis
1237 2972 1545 3017 nauseam
1589 2951 1865 3030 facerem
1901 2951 1995 3015 vel
2041 2952 2246 3016 oculos
2290 2972 2503 3015 eorum
2534 2953 2676 3033 pul-

448 3062 590 3105 vere
633 3040 852 3105 inutili
897 3041 1291 3120 obfuscarem
1305 3063 1329 3121 ,·
1374 3042 1485 3105 sed
1525 3040 1600 3105 id
1643 3040 1759 3123 e9i,
1808 3062 1887 3105 ne
1927 3062 2130 3105 meum
2166 3040 2477 3105 iudicium
2523 3040 2675 3106 aliis

450 3132 836 3195 obtruderem
881 3131 976 3194 vel
1021 3128 1211 3194 etiam
1255 3129 1531 3208 formam
1577 3131 1987 3211 depravatam
2022 3150 2148 3212 pro
2180 3128 2481 3211 yenuinis
2515 3130 2675 3193 Ein-

448 3218 642 3283 hardi
686 3218 890 3284 verbis
942 3220 1286 3283 venderem.
1380 3220 1564 3283 Haec
1630 3240 1774 3283 vero
1841 3225 1988 3283 tunc
2042 3218 2445 3301 potissimum
2516 3240 2675 3284 asse-

361 3332 412 3371 30
449 3314 625 3373 cutus
667 3329 796 3372 esse
839 3307 1000 3372 milti
1029 3307 1262 3387 videor,
1309 3307 1420 3371 ubi
1450 3307 1688 3372 codices
1716 3307 1784 3371 B
1815 3328 1951 3373 cum
1982 3307 2421 3372 vetustioribus
2452 3308 2675 3372 classis

447 3396 513 3461 A
580 3398 674 3461 vel
728 3395 783 3462 O
837 3396 1228 3461 conveniunt.
1322 3396 1573 3460 Addidi
1641 3396 1834 3461 etiam
1896 3397 2108 3478 ylosas
2177 3395 2409 3461 codicis
2474 3396 2674 3461 Stein-

445 3485 755 3551 veldensis
803 3483 898 3563 (O
919 3488 989 3569 4)
1051 3492 1109 3549 et
1163 3505 1322 3566 quae
1378 3484 1454 3549 in
1511 3484 1664 3550 alii-s
1722 3484 2037 3551 codicibus
2082 3485 2306 3550 addita
2348 3486 2443 3549 vel
2486 3484 2674 3549 inter-

434 3576 660 3656 polata
701 3580 866 3639 sunt.

444 3804 768 3856 Havniensis
803 3806 1066 3856 lectionem
1102 3804 1345 3854 reiectam
1401 3804 1691 3867 adnotavit,
1740 3818 1903 3869 quam
1953 3803 2148 3853 addere
2196 3804 2359 3855 nolui.
2447 3803 2680 3855 Restitui

356 3885 407 3923 35
443 3878 708 3927 lectionem
751 3876 880 3927 libri
919 3875 1239 3925 Havniensis
1287 3875 1560 3925 nonnullis
1609 3876 1737 3925 locis
1784 3876 1845 3925 in
1888 3876 2075 3941 priore
2124 3875 2349 3925 editione
2396 3880 2677 3929 mutatam.

445 3948 576 3997 Cum
611 3950 772 3998 varia
809 3947 954 3998 lectio
990 3946 1186 3996 codicis
1221 3945 1608 4009 Friburyensis
1644 3948 1704 3996 in
1746 3946 1971 4011 proloyo
2020 3944 2362 4009 Walahfridi
2408 3946 2554 3996 mala
2589 3948 2676 4013 sit,

443 4033 551 4068 uon
583 4020 891 4085 procuravi,
929 4022 991 4067 ut
1029 4018 1266 4081 capitum
1303 4018 1711 4083 inscriptionum
1746 4018 2010 4068 lectionem
2040 4017 2203 4067 huius
2239 4016 2369 4067 libri
2389 4017 2675 4077 haberem).

445 4086 497 4155 1)
540 4088 683 4150 Quae
717 4105 849 4143 saec.
875 4088 981 4141 IX.
1019 4088 1190 4138 medio
1227 4086 1622 4152 Meyinbardus
1658 4090 1718 4139 in
1750 4088 1829 4139 Tr
1831 4088 1967 4141 ansl.
2006 4088 2060 4142 S.
2098 4089 2407 4139 Alexandri
2440 4088 2561 4152 (SS.
2595 4089 2675 4153 II,

351 4239 405 4277 4.
440 4176 496 4294 s>
534 4158 2092 4313 ⁶135.3.{d.52ff¹”3;??2‘333..⁶oe{3220⁸²{ozfff'm'ssss..⁶²3²&¹²55.
2128 4160 2678 4297 Miz:

444 4299 632 4365 ubique
669 4304 779 4364 fere
813 4318 930 4351 cum
966 4303 1016 4352 A
1036 4303 1070 4355 2
1108 4296 1512 4365 convenit,th
1557 4302 1615 4351 in
1651 4302 1888 4366 catoloyo
1925 4304 2411 4367 manuscriptorum
2439 4318 2678 4369 prorsus

440 4374 742 4433 omi,ttitur·
777 4374 866 4423 sed
901 4374 1037 4423 idem
1073 4388 1178 4423 esse
1213 4372 1422 4423 videtur
1458 4374 1554 4437 qui
1589 4372 1623 4426 l.
1650 4372 1683 4425 l.
1720 4388 1911 4423 numer
1914 4388 1944 4423 ο
1984 4376 2063 4426 12.
2103 4374 2393 4437 indicatur,
2434 4374 2675 4425 Goldasti

439 4443 828 4509 apoyraphum,
879 4459 1021 4493 nunc
1070 4446 1129 4493 in
1180 4442 1485 4493 bibliotheca
1523 4443 1815 4510 Bremensi,
1867 4445 1979 4494 nisi
2026 4444 2172 4495 valde
2221 4445 2409 4507 fallor,
2460 4460 2526 4495 em
2574 4444 2620 4496 G
2642 4446 2671 4498 1

436 4521 685 4567 sumtum.
829 4516 884 4581 3)
921 4514 1029 4578 (De
1064 4530 1166 4579 quo
1201 4514 1316 4564 vide
1355 4514 1603 4565 ‘Archiv’
1641 4514 1767 4581 VII,
1806 4530 1865 4580 p.
1905 4515 2011 4569 364
2033 4518 2153 4581 sq).
