3221 5163
522 507 699 564 XXII
1095 505 1483 564 EINHARDI
1519 505 1713 562 VITA
1748 504 2049 562 KAROLI
2083 504 2162 562 M.

733 690 1196 757 Adnotationes
1246 711 1497 773 paucas
1559 689 1651 756 iis
1717 688 1923 756 adieci
1988 709 2148 771 quas
2214 688 2404 754 Perta
2470 687 2746 771 recepere

522 779 732 862 voluit,
780 801 1006 862 eaeque
1037 779 1295 865 pariter
1337 785 1523 862 atque
1560 799 1759 861 supra
1792 778 1867 844 in
1903 776 2307 860 praefatione
2350 778 2591 858 factum
2634 784 2742 858 est,

520 869 705 934 ands
757 867 914 952 [--]
969 866 1221 949 inclusi,
1279 868 1392 934 ubi
1448 869 1510 934 J
1501 868 1632 946 affe'
1687 868 1783 933 vel
1839 866 2251 934 Wattenbaeh
2308 872 2552 934 secutus
2606 887 2745 932 sum

523 979 736 1023 eorum
779 957 1032 1023 nomine
1076 955 1409 1038 adempto.

749 1048 981 1112 Versus
1023 1067 1168 1112 vero
1206 1045 1549 1112 Gerwardi
1566 1045 1590 1086 ¹
1634 1052 1694 1110 et
1724 1044 2195 1128 praefationem
2238 1043 2599 1126 Walafridi
2643 1043 2747 1110 hic
2782 1065 2808 1106 ο

523 1135 808 1202 exhibere
851 1136 1048 1201 iuvat.

1165 1261 1356 1327 GER
1370 1259 1688 1326 WARDI
1732 1259 1975 1325 VERS
1985 1259 2048 1326 U
2045 1259 2110 1326 S.

659 1368 804 1432 Hos
848 1368 981 1433 tibi
1027 1368 1397 1434 versiculos
1444 1367 1532 1432 ad
1577 1367 1875 1446 laudem,
1923 1367 2216 1432 maxime
2262 1367 2598 1452 princepe,

749 1456 987 1521 Edidit
1034 1462 1384 1524 aeternam
1431 1457 1963 1540 memoriamque
2009 1460 2203 1520 tuam

658 1543 1066 1612 Gerwardus
1113 1546 1442 1632 supplex⁰
1496 1545 1819 1634 famuluS,
1868 1546 1987 1629 qui
2033 1548 2263 1611 mente
2311 1545 2611 1629 benigna
2783 1565 2833 1603 10

749 1636 1116 1718 Egregium
1167 1635 1442 1701 extollit
1486 1657 1737 1700 nomen
1784 1635 1873 1699 ad
1919 1638 2104 1699 astra
2145 1638 2367 1699 tuum.

654 1723 856 1788 Hanc
903 1726 1204 1810 prudens
1250 1728 1515 1810 gestam
1562 1724 1748 1788 noris
1792 1727 1875 1788 tu
1920 1723 2236 1802 scribere,
2285 1723 2521 1801 lector,

744 1807 1211 1878 minhardumb
1253 1813 1532 1897 Magni⁰
1581 1813 2019 1897 magnificum
2070 1812 2330 1877 Karoli.

1031 2007 1609 2074 WALAFRIDI
1647 2007 1773 2074 PR
1782 2006 1958 2073 OLO
1970 2007 2030 2073 G
2046 2006 2161 2074 US
2173 2003 2233 2070 ¹¹.

735 2114 1223 2210 Gloriosissimi
1281 2116 1713 2200 imperatoris
1776 2114 2053 2180 Karoli⁰
2125 2115 2338 2179 vitam
2397 2117 2469 2180 et
2528 2118 2741 2198 gesta,
2784 2133 2834 2172 ιο

521 2224 697 2288 quae
745 2204 1056 2270 subiecta
1107 2208 1288 2283 sunt,
1351 2197 1797 2282 Einhartusf,
1844 2204 1948 2268 vir
2005 2204 2187 2269 inter
2246 2223 2479 2268 omnes
2540 2202 2743 2267 huius

521 2293 851 2379 temporis
897 2293 1284 2379 palatinos&
1335 2316 1474 2358 non
1518 2293 1739 2358 solum
1798 2315 1922 2378 pro
1976 2292 2281 2371 scientia,
2328 2313 2565 2358 verum
2626 2285 2737 2357 eth

521 2404 645 2466 pro
691 2383 1012 2448 universa
1056 2404 1322 2448 morum
1369 2384 1733 2448 honestate
1777 2382 2005 2448 laudis
2058 2382 2393 2466 egregiae,
2454 2380 2742 2464 descrip-

521 2472 686 2536 sisse
735 2472 1172 2556 cognoscitur
1217 2475 1290 2537 et
1335 2471 1737 2555 purissimae
1768 2472 2102 2550 veritatis„
2147 2474 2391 2555 utpote
2438 2471 2557 2556 qui
2588 2463 2728 2534 his¹

521 2581 695 2645 pene
744 2561 1060 2627 omnibus
1120 2561 1536 2639 interfuerit,
1597 2561 1992 2627 testimonio
2050 2560 2426 2626 roborasse.
2518 2559 2743 2624 Natus
2780 2579 2833 2619 20

522 2650 706 2716 enim
749 2651 824 2715 in
870 2651 1192 2731 orientali
1225 2651 1517 2716 Francia
1562 2651 1637 2715 in
1682 2670 1860 2735 pago
1907 2650 2026 2733 qui
2071 2650 2325 2714 dicitur
2353 2649 2739 2733 Moingewi,

520 2740 594 2803 in
671 2739 1002 2804 Fuldensi
1077 2740 1361 2806 cenobio
1437 2740 1563 2805 sub
1641 2739 2022 2848 pedagogio
2104 2740 2324 2804 sancti
2401 2738 2743 2805 Bonifacii

521 2828 822 2893 martiris
884 2829 1105 2913 prima
1163 2828 1445 2914 puerilis
1505 2830 1894 2894 nutriturae
1962 2828 2353 2893 rudimenta
2421 2828 2740 2913 suscepit.

522 2918 830 3001 Indeque
903 2918 1141 3002 pocius
1209 2921 1488 3003 propter
1565 2916 2118 3000 singularitatem
2194 2916 2597 3001 capacitatis
2674 2919 2744 2981 et

520 3006 1060 3090 intelligentiae,
1138 3028 1312 3094 quae
1386 3007 1524 3070 iam
1590 3010 1742 3071 tum
1818 3006 1893 3070 in
1958 3005 2082 3071 illo
2158 3027 2486 3089 magnum
2560 3006 2744 3089 quod
2782 3023 2834 3063 25

524 3098 761 3180 postea
808 3095 1058 3160 claruit
1116 3088 1460 3181 specimen
1521 3095 1901 3179 sapientiae
1959 3094 2430 3180 promittebat,
2492 3088 2739 3179 quamk

523 3184 610 3250 ob
659 3184 1062 3259 nobilitatis,
1112 3185 1295 3268 quod
1339 3184 1413 3248 in
1459 3204 1538 3249 eo
1601 3178 1882 3248 munus¹
1944 3187 2091 3249 erat
2148 3183 2436 3266 insigne,
2486 3205 2527 3248 a
2572 3184 2744 3247 Bau-

522 3272 763 3355 golfom
810 3273 1060 3338 abbate
1121 3273 1519 3338 monasterii
1563 3273 1944 3357 supradicti
1986 3273 2061 3337 in
2112 3271 2453 3358 palacium
2500 3272 2744 3337 Karoli

521 3360 900 3428 translatus
968 3365 1103 3440 est3
1167 3363 1418 3447 quippe
1478 3362 1596 3446 qui
1655 3362 1957 3427 omnium
2016 3382 2256 3446 regum
2316 3361 2743 3425 avidissimus

525 3453 675 3515 erat
741 3450 1084 3535 sapientes
1153 3447 1524 3535 dilig‘enter
1588 3450 1930 3534 inquirere
2000 3453 2101 3528 et,
2179 3452 2260 3513 ut
2327 3470 2481 3515 cum
2559 3449 2743 3514 omni
2782 3466 2834 3506 ³0

527 3539 984 3605 delectatione
1043 3538 1763 3624 philosopharenturn,
1832 3539 2158 3605 excolere.
2273 3539 2481 3604 Ideo⁰
2548 3537 2745 3621 regni
2846 3572 2900 3589 a

523 3648 567 3692 a
611 3628 760 3694 Deo
806 3628 939 3694 sibi
984 3629 1326 3694 commissi
1370 3628 1774 3694 nebulosam
1819 3631 1909 3706 et,
1956 3632 2038 3692 ut
2082 3629 2183 3692 ita
2230 3629 2521 3705 dicaml‘,
2569 3645 2743 3711 pene

523 3838 567 3883 a)
594 3836 752 3887 suplex
779 3836 818 3875 B
832 3836 896 3878 1⁸.
1007 3838 1052 3887 b)
1082 3836 1363 3877 Einhardum
1391 3838 1582 3877 radendo
1610 3848 1724 3877 corr.
1754 3836 1974 3877 Einhardi
2001 3838 2041 3875 B
2056 3838 2103 3887 13
2133 3836 2452 3889 Einchardum,
2481 3836 2743 3887 Emanium,

527 3887 816 3930 Euchardum
843 3892 1095 3930 recentiores
1123 3892 1244 3933 codd.
1271 3891 1324 3934 B.
1459 3891 1500 3943 c)
1532 3901 1739 3939 magnum
1765 3891 1856 3934 Bs.
1990 3891 2034 3941 d)
2072 3892 2162 3932 eod.
2191 3891 2395 3939 Fribury.
2426 3890 2539 3929 hanc
2562 3890 2745 3938 {nemp-

521 3945 678 3983 tionem
706 3944 855 3983 habet:
883 3944 1099 3994 Prologus
1127 3946 1218 3984 vite
1245 3950 1292 3983 et
1318 3948 1540 3993 gestorum
1558 3944 1718 3983 Karon
1743 3944 2050 3994 imperatorin
2078 3944 2127 3983 {n
2154 3945 2245 3984 cod.
2267 3944 2436 3994 Harum,
2454 3944 2529 3993 qui
2545 3947 2747 3991 excerpta
2783 3943 2836 3982 35

521 3998 661 4046 habet,
690 3998 794 4036 haec
813 3998 1179 4045 praemittuntur.-
1207 3998 1348 4038 Gesta
1373 3998 1530 4037 Karoli
1557 3997 1708 4045 Magni
1733 3996 1981 4038 secundum
2006 3998 2248 4039 strabum·
2283 3994 2370 4036 'Ex'
2387 3998 2567 4037 cronica
2594 3997 2747 4037 Sancti

523 4050 691 4091 Albani
732 4051 1074 4100 Magunciensis.
1145 4050 1530 4100 (Orthoyraphiam
1572 4051 1764 4089 codicum
1803 4051 2062 4090 Havm'eneis
2101 4054 2139 4089 et
2178 4050 2485 4090 Hannonem-⁸·
2525 4051 2576 4093 G.
2613 4050 2748 4089 Waiez

520 4104 748 4143 seeundum
775 4114 936 4143 morem
971 4114 1083 4143 saec.
1113 4104 1198 4145 IX.
1229 4105 1497 4153 aliqnatenue
1524 4105 1738 4153 mutavit).
1903 4104 1946 4156 c)
1980 4104 2039 4145 Κ.
2069 4103 2219 4151 Magni
2255 4104 2401 4145 Hann.
2565 4104 2599 4155 f)
2637 4104 2745 4143 Ein-

521 4155 690 4197 hardus
716 4158 793 4201 m.
944 4156 989 4208 g)
1023 4157 1249 4207 palatinus
1274 4158 1352 4197 Fr.
1515 4157 1562 4207 h)
1592 4158 1734 4197 eciam
1760 4157 1837 4197 Fr.
1991 4158 2025 4208 i)
2052 4157 2139 4197 hiis
2166 4157 2307 4198 Havn.
2472 4157 2519 4209 k)
2562 4158 2639 4207 qui
2665 4158 2743 4197 Fr.

520 4214 553 4259 (ι
593 4211 659 4249 sie
692 4211 802 4259 Fr.,·
841 4212 1018 4260 minus,
1056 4222 1141 4251 non
1176 4222 1359 4263 munus,
1400 4211 1447 4249 in
1480 4212 1574 4251 eod.
1615 4210 1758 4250 Havn.
1800 4211 1883 4259 leat·
1917 4210 1964 4251 V.
1997 4210 2060 4251 ΟΖ.
2100 4210 2249 4249 Birket
2284 4212 2423 4251 Smith
2458 4214 2633 4251 testatus
2668 4215 2743 4251 est.
2782 4209 2837 4247 40

521 4264 578 4369 13
603 4262 750 4356 gang.
781 4264 888 4357 hag.
909 4265 1073 4307 daune.
1174 4266 1235 4315 m)
1264 4265 1320 4304 ab
1348 4264 1544 4312 augulffo
1570 4264 1650 4302 Fr.
1750 4264 1797 4313 n)
1816 4263 2186 4313 philosopharent
2202 4264 2281 4303 Fr.
2383 4265 2426 4317 o)
2456 4265 2651 4314 Ideoque
2669 4264 2745 4306 Fr.

527 4328 556 4367 p
635 4328 708 4357 ixc
751 4328 796 4356 m
891 4346 901 4357 .

527 4493 580 4565 1)
617 4495 904 4562 (Βαράκου
937 4495 1078 4551 Poe.
1117 4495 1296 4549 carot.
1312 4462 1316 4465 ’
1331 4494 1413 4560 II,
1453 4511 1512 4562 p.
1554 4496 1698 4556 126).
