3221 5163
1050 502 1441 596 ἶΕΠΝΗΑΕΒΙ
1478 501 1671 556 VITA
1707 500 2012 556 KAROLI
2044 500 2128 555 M.
2614 501 2703 556 XI

467 686 579 749 sed
620 684 852 750 Patres
870 685 894 724 ¹
945 683 1137 750 etiam
1194 691 1252 749 et
1307 684 1414 750 sui
1470 683 1613 749 aevi
1668 683 2005 766 scriptores
2022 685 2047 723 ²
2104 683 2312 766 leyit.
2268 685 2295 724 ³
2428 683 2703 766 Cumque

468 773 764 854 temporis
807 773 910 839 sui
951 773 1238 838 virorum
1282 772 1827 855 prudentissimus
1886 778 1943 837 et
2002 772 2399 838 doctissimus
2454 773 2704 838 habere-

469 868 575 925 tur
591 863 633 943 4,
695 861 1128 928 commercium
1185 861 1323 927 eius
1370 884 1414 926 a
1463 861 1799 927 iuvenibus
1858 860 2130 943 optimae
2186 861 2423 927 indolis
2481 861 2703 944 expeti-

469 956 600 1014 tum
644 949 865 1031 fuisse,
912 951 1106 1030 facile
1149 951 1332 1016 nobis
1363 950 1909 1033 persuadebimus.
2003 951 2273 1031 Lupum,
2322 950 2703 1016 Ferrarien-

406 1061 434 1102 ι
469 1059 598 1103 sem
631 1045 858 1122 postea
903 1040 1205 1121 abbatem,
1266 1039 1378 1122 qui
1424 1039 1811 1104 erudiendus
1867 1037 1941 1103 in
1995 1038 2417 1105 Germaniam
2474 1038 2706 1104 missus

468 1127 703 1209 fuerat,
753 1128 1178 1212 praecipuum
1235 1129 1530 1194 cultorem
1585 1127 1881 1208 habuit,
1824 1129 1889 1168 ⁵·
1948 1148 2087 1193 cum
2144 1128 2481 1210 HrabanO,
2552 1128 2705 1192 Ful·

471 1216 760 1282 densim
835 1223 983 1282 tunc
1065 1217 1358 1299 temporis
1431 1219 1653 1282 abbate
1666 1268 1685 1298 ,
1778 1237 1957 1298 quem
2033 1222 2307 1300 propter
2380 1216 2706 1282 doctrinae

472 1305 716 1386 copiam
760 1311 820 1370 et
861 1325 1108 1370 morum
1140 1306 1522 1387 probitatem
1567 1305 1789 1388 mayni
1833 1305 2002 1386 fecit,
2056 1306 2347 1370 societate
2404 1305 2706 1371 continua

469 1393 725 1458 iunctus
767 1400 950 1477 erat,·
993 1416 1134 1460 cum
1177 1416 1245 1459 eo
1291 1394 1693 1460 bibliothecae
1750 1416 1904 1459 suae
1960 1395 2313 1475 cataloyum
2372 1393 2707 1460 communi-

384 1505 437 1544 ιο
472 1488 784 1564 caverat,
743 1484 768 1521 ⁶
833 1483 894 1548 ei
939 1483 1134 1548 libros
1178 1483 1646 1564 commodavit,
1607 1485 1629 1521 ⁷
1702 1483 1763 1548 ei
1806 1482 2015 1562 filium
2060 1482 2317 1548 unicum
2364 1482 2709 1548 Vussinum

471 1571 754 1636 moribus
811 1579 870 1636 et
927 1571 1220 1637 doctrina
1274 1572 1689 1651 formandum
1747 1577 1805 1636 et
1862 1571 2237 1636 monachum
2294 1571 2709 1636 erudiendum

474 1659 839 1725 commisit.
795 1662 822 1700 ⁸
944 1661 1192 1736 Immae
1251 1660 1459 1742 etiam,
1522 1660 1924 1725 dulcissimae
1981 1660 2237 1740 sororis,
2304 1659 2708 1726 contubernio

460 1769 586 1830 per
628 1748 871 1830 aliauot
925 1770 1132 1814 annos
1185 1749 1448 1830 ,qavisus
1505 1756 1633 1831 est,·
1691 1769 1883 1830 quam
1940 1749 2105 1814 anni
2152 1755 2301 1812 836.
2362 1749 2552 1814 initio
2610 1751 2707 1814 de-

472 1837 760 1916 functam
776 1838 802 1876 ⁹
847 1838 1003 1902 adeo
1049 1837 1226 1919 luxit,
1280 1844 1352 1902 ut
1405 1844 1597 1902 totum
1656 1840 1823 1920 quod
1878 1837 2002 1903 sibi
2060 1844 2405 1919 superesset
2460 1837 2709 1903 dierum

384 1949 436 1989 15
473 1926 548 1990 in
621 1946 899 1991 moerore
973 1925 1454 2009 transiyendum
1527 1933 1827 1992 statueret
1844 1927 1915 1990 1⁰.
2054 1927 2256 1992 Illius
2329 1926 2706 2007 meminisse,

472 2014 656 2080 illam
718 2014 945 2080 intimo
1005 2018 1188 2081 corde
1247 2015 1534 2097 amplecti
1547 2067 1564 2097 ,
1634 2015 1815 2080 illius
1880 2036 1945 2080 se
2013 2019 2189 2097 apud
2242 2016 2454 2081 Deum
2520 2015 2709 2081 inter-

475 2103 743 2169 cessioni
833 2107 1295 2187 commendare,
1386 2104 1582 2170 unica
1671 2104 1941 2169 viventis
2034 2106 2350 2187 voluptas,
2451 2104 2711 2170 unicum

473 2191 804 2257 morientis
867 2195 1149 2258 solamen
1222 2193 1389 2275 fuit,·
1463 2193 1536 2258 in
1610 2193 1766 2258 haec
1838 2199 1983 2258 vota
2056 2193 2343 2259 animam
2422 2193 2711 2259 Creatori

473 2283 736 2346 reddere
793 2281 1192 2364 disposuerat
1207 2282 1277 2346 11.
1380 2281 1554 2348 Obiit
1613 2282 1715 2347 die
1781 2289 1881 2346 14.
1929 2282 2192 2365 Martii,
2252 2304 2427 2348 anno
2481 2288 2610 2346 840
2632 2282 2709 2343 12.

385 2393 440 2432 20
485 2370 728 2451 Corpus
792 2369 867 2435 in
925 2370 1186 2436 ecclesia
1248 2371 1784 2454 Seliyenstadensi
1850 2371 2174 2453 sepultum,
2245 2371 2424 2453 eique
2488 2371 2602 2436 hoc
2668 2393 2712 2435 a

475 2459 794 2524 Hrabano
868 2459 1256 2541 epitaphium
1331 2460 1719 2542 adscriptum
1792 2467 1887 2525 est
1966 2456 2227 2538 (Poetae
2311 2460 2523 2526 Garol.
2601 2461 2707 2541 ΙΙ,

463 2569 532 2630 p.
585 2554 710 2613 237
737 2549 861 2633 sq.)
880 2570 901 2614 .·

564 2656 658 2721 Te
691 2661 873 2741 peto,
899 2658 1016 2741 qui
1048 2659 1179 2721 hoc
1210 2658 1546 2741 templum
1579 2658 2096 2741 ingrederiS‚-ne
2128 2678 2407 2722 noscere
2432 2678 2711 2741 spernas

658 2745 841 2825 Quid
888 2746 1081 2810 loeus
1129 2747 1241 2810 hic
1290 2748 1564 2819 habeat,
1616 2748 1918 2830 quidque
1965 2750 2210 2811 tenens
2257 2748 2555 2811 moneat.

387 2854 440 2893 25
567 2834 903 2899 Conditus
951 2855 1108 2899 ecce
1153 2836 1335 2900 iacet
1379 2836 1653 2899 tumulo
1699 2836 1805 2900 vir
1850 2835 2101 2899 nobilis
2146 2836 2301 2913 isto,

658 2924 1052 2987 Einhardus
1101 2944 1352 2988 nomen
1400 2924 1512 2989 cui
1557 2926 1833 3009 genitor
1879 2925 2184 2989 dederat.

567 3012 861 3094 Ingenio
911 3013 1023 3076 hic
1069 3013 1391 3096 prudens,
1440 3016 1695 3098 probus
1743 3016 1906 3077 actu
1952 3016 2159 3096 atque
2207 3032 2322 3077 ore
2368 3013 2711 3077 facundus

657 3101 912 3163 Extitit
959 3122 1038 3165 ae
1086 3102 1324 3166 multis
1372 3107 1519 3167 arte
1565 3103 1707 3166 fuit
1752 3103 1967 3166 utilis.

481 3342 534 3413 1)
573 3344 734 3399 Einh.
773 3360 853 3411 ep.
890 3347 965 3397 ad
1000 3346 1233 3412 Lupum.
1390 3346 1446 3416 2)
1485 3362 1525 3400 e.
1563 3363 1615 3413 9.
1653 3347 1889 3399 Paulum
1924 3348 2225 3400 diaconum.
2383 3348 2440 3412 3)
2480 3348 2586 3415 Ep.
2627 3351 2711 3404 57.

389 3434 442 3473 so
476 3417 534 3480 4)
567 3417 742 3470 Anon.
787 3417 914 3469 Vita
951 3418 1239 3469 Hludovici
1271 3432 1313 3473 c.
1350 3420 1451 3485 413
1504 3418 1750 3473 Ermold.
1788 3420 1823 3472 Ζ.
1862 3434 1899 3472 c.
1918 3442 1936 3485 ;
1982 3418 2144 3470 Gesta
2180 3418 2295 3469 abb.
2331 3418 2561 3474 Fontan.
2602 3421 2636 3474 Ζ.
2676 3420 2711 3474 Ζ.

479 3486 534 3556 5)
589 3487 739 3555 Lupi
785 3489 860 3539 ad
902 3488 1068 3543 Einh.
1115 3505 1230 3555 epp.
1435 3490 1488 3555 6)
1538 3490 1692 3555 Lupi
1740 3506 1817 3555 ep.
1871 3493 1916 3545 1.
1972 3489 2045 3539 ad
2092 3489 2274 3555 Etnh,
2332 3491 2393 3554 (Ζ.
2441 3491 2477 3541 Ζ.
2523 3507 2584 3557 Ρ.
2631 3493 2710 3557 8).

479 3560 534 3624 7)
589 3558 738 3626 Lupi
784 3574 861 3625 ep.
900 3562 948 3613 5.
1137 3560 1192 3628 8)
1245 3558 1349 3626 ΕΡ.
1388 3562 1473 3614 57.
1527 3566 1572 3611 et
1607 3560 1771 3615 Einh.
1822 3578 1936 3628 epp.
1988 3560 2061 3611 ad
2096 3561 2324 3627 Lupum.
2398 3560 2713 3613 Fuldensem

479 3628 840 3681 bibliothecam
877 3630 1198 3682 Einhardus
1231 3634 1522 3697 inspexisse
1555 3632 1782 3696 videtur,
1819 3635 1961 3684 novit
1997 3633 2135 3683 enim
2174 3632 2254 3683 ibi
2304 3633 2604 3698 capsellam,
2654 3636 2714 3685 in

479 3715 587 3766 qua
635 3702 798 3753 verba
847 3707 894 3752 et
933 3703 1155 3753 nomina
1202 3703 1426 3754 obscura
1475 3704 1835 3755 demonstrari
1875 3705 2087 3769 possint
2100 3720 2117 3763 ;
2166 3718 2243 3770 ep.
2294 3719 2421 3755 moa>
2472 3704 2713 3757 laudata.

390 3788 442 3827 35
480 3770 535 3841 9)
577 3770 719 3823 Obiit
752 3772 948 3839 hieme;
986 3772 1176 3837 Lupus
1208 3778 1327 3840 post
1346 3774 1567 3825 Aldrici
1599 3774 1799 3825 obitum
1832 3776 1909 3838 (6.
1936 3774 2018 3828 Id.
2048 3774 2177 3840 Oct.)
2212 3778 2271 3826 in
2299 3774 2517 3825 Gallias
2539 3776 2714 3827 redux

478 3843 652 3908 (Lupi
699 3859 775 3911 ep.
813 3845 902 3908 41,
950 3843 1082 3897 Ma.
1121 3844 1294 3911 Epist.
1330 3844 1422 3908 VI,
1468 3847 1633 3912 Ρ.·48
1656 3848 1761 3911 sq.)
1796 3845 2148 3897 Einhardum
2184 3861 2355 3898 mense
2390 3845 2551 3897 Iunio
2586 3849 2713 3898 oisi-

479 3916 626 3967 tavit.
809 3914 898 3983 10)
949 3914 1117 3968 Einh.
1170 3930 1246 3981 ep.
1297 3917 1374 3967 ad
1419 3916 1653 3982 Lupum.
1837 3915 1925 3985 11)
1976 3917 2144 3968 Einh.
2179 3931 2257 3982 ep.
2297 3916 2371 3967 ad
2404 3916 2619 3983 Lupum
2666 3924 2713 3970 et

479 3984 646 4039 Einh.
685 4001 763 4051 ep.
801 3988 850 4041 3.
1033 3985 1120 4053 12)
1170 3986 1364 4052 [Pertz
1388 4002 1680 4054 perperam
1715 3988 1860 4041 Ann.
1898 3988 1954 4041 S.
1991 3988 2227 4040 Bavonis
2266 3987 2459 4048 Gand„
2496 3988 2592 4042 SS.
2631 3988 2711 4052 II,

474 4070 532 4120 Ρ.
559 4056 681 4122 187,
717 4062 928 4109 secutus
963 4072 1014 4111 a.
1040 4058 1162 4111 844.
1201 4058 1486 4118 indicavit5
1521 4059 1614 4110 sed
1648 4061 1744 4124 qui
1776 4060 1929 4123 lonye
1955 4063 2260 4124 praestant,
2284 4058 2429 4113 Ann.
2454 4061 2711 4125 neco-0109.

391 4141 445 4179 40
480 4126 657 4191 fuld„
685 4127 782 4182 SS.
807 4127 978 4193 XIII,
1011 4144 1069 4194 p.
1101 4130 1219 4195 176,
1255 4129 1400 4180 hunc
1433 4130 1676 4181 indicant
1712 4145 1954 4192 annum,·
1988 4130 2167 4194 iidem,
2198 4130 2402 4184 Necrol.
2428 4129 2712 4194 Lauresh„

481 4196 727 4262 Bohmer,
768 4198 963 4251 Fontes
997 4199 1110 4263 ΙΙΙ,
1153 4216 1212 4267 p.
1254 4201 1374 4265 146,
1411 4205 1458 4251 et
1492 4204 1623 4252 nota
1658 4201 1766 4255 cod.
1814 4201 1977 4254 Vatic.
2015 4167 2192 4253 Pala't.
2233 4202 2389 4266 1448,
2434 4202 2514 4255 ‘.Z
2552 4202 2597 4265 f.
2641 4202 2711 4255 D.

479 4267 732 4321 Alterth!
755 4269 988 4337 XXI,p
992 4273 1061 4325 7
1065 4274 1116 4335 6
1155 4272 1292 4322 diem
1321 4278 1534 4338 ponunt
1567 4274 1619 4325 2.
1652 4271 1737 4326 Id.
1770 4271 1937 4325 Mart.
1974 4272 2162 4323 Minus
2196 4277 2331 4323 recte
2362 4271 2713 4324 Breviarium

479 4337 730 4402 Fontan„
778 4339 1060 4404 Mabillon,
1100 4309 1246 4393 ’Acta
1290 4340 1346 4396 Ο.
1386 4343 1516 4396 Ben
1555 4342 1636 4407 ΙΙ,
1681 4360 1735 4409 p.
1776 4344 1912 4397 610:
1966 4345 2049 4398 15.
2088 4342 2216 4396 Kal.
2268 4342 2457 4405 Iunii,·
2502 4344 2709 4397 Necrol.

492 4408 941 4475 Wirzihuryme,
967 4412 1383 4478 ‘Forschunyen’
1410 4412 1504 4479 VI,
1532 4430 1591 4479 p.
1616 4415 1737 4479 116,
1768 4415 1822 4464 si
1848 4420 2025 4464 tamen
2056 4415 2195 4465 idem
2218 4414 2590 4479 intelliyendus
2614 4419 2710 4468 est.-

389 4496 445 4536 45
484 4484 570 4537 12.
601 4480 731 4535 Kal.
771 4481 990 4549 April„-
1025 4484 1140 4549 alii,
1176 4498 1307 4550 quos
1342 4482 1502 4535 Pertz
1535 4485 1793 4551 sequitur,
1830 4486 1879 4539 8.
1907 4485 2037 4538 Kal.
2065 4485 2301 4550 Auyusti
2331 4485 2710 4553 scripserunt]
