3221 5163
583 533 651 589 18
1163 528 1552 585 EINHARDI
1588 529 1780 584 VITA
1817 530 1930 583 KA
1939 528 2118 585 ROLI
2153 529 2232 585 M.

582 717 781 790 esset,
842 717 923 777 ut
970 734 1092 798 pro
1140 713 1372 797 ligneo
1418 713 1770 795 lapideum
1817 714 2232 778 restitueret.
2329 713 2696 777 Inchoavit
2743 716 2814 778 et

581 803 845 887 palatia
890 802 1113 885 operis
1161 802 1437 886 egregii,
1486 823 1700 865 unum
1751 802 1937 865 haud
1983 802 2190 885 longe
2237 822 2278 865 a
2323 802 2808 885 Mogontiacoa
2901 818 2904 821 ’

582 892 882 967 civitate,
944 892 1140 955 iuxta
1183 890 1422 955 villam
1470 884 1622 955 cuib
1661 890 2072 955 vocabulum
2127 894 2232 955 est
2279 890 2783 976 Ingilenheim⁰
2800 943 2813 968 ,

582 980 879 1045 alterum
923 979 1334 1061 Noviomagi
1392 1000 1598 1063 super
1643 974 2024 1043 Vahalem‘¹
2075 978 2382 1057 fluvium,
2444 980 2563 1061 qui
2618 979 2816 1043 Bata-

581 1090 823 1133 vorum
864 1069 1164 1133 insulam
1196 1090 1237 1133 a
1267 1073 1464 1152 parte
1497 1068 1880 1132 meridiana
1910 1068 2360 1152 praeterfluit.
2437 1068 2816 1153 Praecipue
2853 1091 2880 1131 5

582 1161 813 1222 tamen
876 1159 1077 1222 aedes
1138 1158 1432 1247 sacras-¹5,
1452 1156 1867 1239 ubicumque
1925 1157 2000 1219 in
2058 1160 2210 1221 toto
2269 1176 2482 1239 regno
2543 1177 2666 1221 suo
2711 1178 2816 1223 ve·

580 1248 846 1311 tustate
894 1245 1251 1331 conlapsas
1300 1246 1630 1329 conperit,
1695 1244 2138 1328 pontificibus
2200 1248 2270 1309 et
2330 1245 2662 1330 patribus,
2727 1246 2818 1310 ad

582 1356 871 1417 quorum
919 1356 1155 1399 curam
1191 1328 1651 1420 pertinebant,
1699 1338 1781 1397 ut
1810 1335 2383 1411 restaurarentur,
2431 1334 2813 1418 imperavit,

582 1423 919 1488 adhibens
968 1444 1202 1487 curam
1265 1444 1386 1508 per
1446 1423 1734 1507 legatos,
1805 1427 1887 1486 ut
1945 1424 2284 1507 imperata
2345 1424 2752 1507 perficerent
2772 1424 2815 1485 ².

583 1512 869 1576 Molitus
932 1517 1034 1577 est
1096 1516 1167 1577 et
1227 1513 1511 1577 classem
1560 1515 1803 1575 contra
1849 1512 2110 1576 bellum
2156 1511 2814 1587 Nordmannicum0,
2857 1537 2910 1575 10

583 1601 963 1665 aedificatis
1010 1602 1098 1664 ad
1145 1601 1275 1664 hoc
1322 1602 1613 1665 navibus
1672 1601 1868 1663 iuxta
1921 1599 2227 1677 flumina,
2299 1620 2473 1682 quae
2542 1603 2615 1665 et
2684 1594 2811 1665 def

584 1688 816 1753 Gallia
848 1693 919 1755 et
950 1691 1035 1754 de
1062 1688 1433 1754 Germania
1457 1689 2087 1773 septemtrionalem
2119 1688 2425 1752 influunt
2449 1709 2814 1767 oceanum;

585 1782 655 1843 et
709 1780 871 1861 quia
915 1779 981 1841 N
985 1780 1391 1843 ordmanniss
1444 1777 1791 1841 Gallicum
1852 1777 2019 1841 litus
2079 1781 2286 1861 atque
2334 1776 2818 1843 Germanicum

585 1868 859 1931 assidua
890 1868 1339 1931 infestatione
1370 1866 1758 1942 vastabant,
1800 1887 1921 1951 per
1951 1888 2186 1931 omnes
2218 1870 2458 1950 portus
2490 1869 2561 1931 et
2592 1860 2812 1931 ostiah

584 1955 965 2041 fluminum,
1022 1949 1191 2038 quai
1251 1976 1459 2020 naves
1510 1956 1726 2040 recipi
1773 1976 1968 2037 posse
2013 1955 2448 2033 videbantur,
2512 1956 2819 2020 stationi·
2857 1978 2908 2018 ιε

586 2044 713 2108 bus
761 2047 832 2109 et
878 2044 1181 2135 excubiis
1229 2043 1597 2128 dispositis,
1646 2065 1735 2109 ne
1782 2065 1917 2126 qua
1963 2044 2181 2107 hostis
2229 2044 2411 2109 exire
2459 2045 2816 2129 potuisset,

586 2133 714 2196 tali
760 2127 1188 2197 munitionek
1225 2133 1601 2217 prohibuit.
1680 2133 1876 2196 Fecit
1911 2133 2090 2197 idem
2127 2153 2168 2195 a
2197 2136 2395 2217 parte
2443 2133 2821 2197 meridiana

585 2222 661 2284 in
706 2222 943 2287 littore
1002 2222 1386 2305 provintiae
1433 2221 1901 2285 Narbonensis
1971 2242 2050 2286 ac
2112 2221 2596 2305 Septimaniae,
2668 2225 2818 2286 toto

588 2311 798 2375 etiam
837 2311 1087 2375 Italiae
1133 2310 1369 2375 littore
1416 2330 1632 2394 usque
1662 2311 1951 2374 Romam
2000 2314 2241 2374 contra
2277 2311 2556 2375 Mauros
2601 2330 2821 2394 nuper

585 2400 967 2484 pyraticam
1027 2420 1339 2464 exercere
1400 2400 1756 2483 adgressos
1777 2398 1833 2477 3;
1905 2420 1982 2463 ac
2039 2420 2160 2483 per
2207 2401 2337 2463 hoc
2384 2399 2580 2464 nullo
2628 2399 2820 2482 gravi
2858 2423 2912 2461 20

590 2489 840 2553 damno
885 2488 997 2553 vel
1042 2481 1289 2551 Italia¹
1336 2509 1376 2551 a
1421 2488 1704 2564 Mauris,
1759 2487 1869 2552 vel
1920 2486 2151 2551 Gallia
2197 2492 2402 2570 atque
2451 2486 2822 2552 Germania

589 2599 631 2641 a
675 2577 741 2641 N
744 2578 1190 2642 ordmannism
1237 2577 1479 2643 diebus
1548 2576 1687 2642 suis
1757 2576 2035 2642 adfecta
2105 2580 2229 2654 est,
2299 2579 2571 2662 praeter
2638 2577 2821 2660 quod

446 2671 569 2750 813.
591 2666 1106 2747 Centumcellae
1123 2666 1151 2705 4
1197 2667 1438 2730 civitas
1476 2667 1796 2730 Etruriae
1834 2687 1957 2750 per
1993 2667 2454 2748 proditionem
2491 2688 2532 2730 a
2562 2667 2822 2730 Mauris

416 2759 430 2775 ‘
592 2759 795 2840 capta
854 2760 1060 2839 atque
1119 2759 1393 2820 vastata
1446 2758 1569 2833 est,
1643 2759 1714 2820 et
1772 2755 1847 2817 in
1893 2755 2113 2819 Frisia
2158 2755 2494 2838 quaedam
2554 2755 2822 2820 insulae

448 2849 569 2903 810.
592 2843 1002 2910 Germanico
1048 2845 1272 2908 littori
1320 2845 1685 2927 contiguae
1733 2865 1773 2906 a
1818 2843 1884 2906 N
1887 2843 2326 2908 ordmannisn
2365 2845 2822 2928 depraedatae
2859 2866 2912 2906 25

591 2938 753 2998 sunt
772 2934 815 2996 ⁵.

810 3019 947 3087 18.*
1014 3021 1295 3086 Talem⁶
1340 3042 1496 3087 eum
1544 3022 1619 3085 in
1664 3021 1925 3086 tuendo
1973 3025 2042 3086 et
2103 3021 2537 3105 ampliando⁰
2594 3021 2822 3086 simul·

820 3177 874 3248 *)
912 3178 1051 3231 Wal.
1084 3194 1126 3228 c.
1156 3179 1222 3232 19
1240 3193 1266 3258 τ’
1290 3174 1575 3244 Repeticio
1615 3176 1683 3229 de
1715 3175 2163 3259 domestica-eius
2199 3163 2328 3242 vita,
2343 3178 2424 3258 ‚et
2459 3192 2592 3244 quas
2627 3192 2825 3257 nitores

909 3247 1680 3387 ξίᾏὲἶᾟῗῖἒῗῖᾎῶῗὲἓὲἒῗ
1703 3245 2230 3372 ..ῗᾱὲωωὲὲέἓὲἶέἐ
2266 3245 2429 3385 ἒὶξῖἒ
2466 3246 2720 3374 ἓέᾅῖἰῗη
2769 3249 2826 3301 a
2863 3338 2914 3378 ω

592 3481 636 3532 a)
676 3480 955 3529 Magontiaeo
983 3479 1087 3528 Δῦ;
1119 3479 1407 3525 Mogonciaca
1433 3479 1473 3516 A
1489 3479 1537 3527 23
1568 3479 1842 3526 Magontiam
1870 3479 1964 3521 Β1.
2069 3479 2114 3528 b)
2153 3478 2280 3517 cuius
2306 3479 2347 3517 A
2363 3479 2402 3517 1.
2433 3479 2485 3520 P.
2619 3479 2660 3530 c)
2689 3478 2824 3526 Engl-

593 3534 787 3574 lenheim
807 3535 901 3576 Al.
928 3534 979 3572 P.
993 3544 1011 3580 ;
1036 3532 1315 3579 Ingilenhem
1335 3532 1436 3582 Δ2;
1466 3532 1730 3580 Ingelehem
1747 3533 1788 3570 A
1803 3532 1843 3570 3.
1927 3530 1973 3584 d)
2003 3532 2240 3570 uuahalem
2259 3532 2299 3569 A
2314 3532 2378 3570 2⁸.
2411 3531 2496 3570 02.
2581 3533 2621 3580 e)
2652 3529 2823 3570 Nordo-

593 3587 849 3626 mannicum
875 3586 916 3625 A
932 3588 971 3625 1.
1003 3587 1051 3636 23
1081 3583 1457 3625 Norumannieum
1484 3586 1567 3632 hic,
1597 3589 1637 3623 et
1657 3596 1742 3633 per
1769 3589 1902 3623 totum
1929 3596 2037 3633 opus
2055 3583 2333 3624 Noramanni
2354 3587 2430 3626 etc.
2449 3585 2721 3624 scribendum
2738 3594 2826 3623 esse

593 3641 773 3682 videtur.
794 3640 846 3679 Ρ.
955 3639 989 3690 s)
1018 3649 1102 3678 om.
1133 3639 1219 3680 02.
1332 3640 1375 3686 g)
1402 3639 1672 3678 Nortmanni
1699 3639 1802 3687 Δ1;
1833 3638 2139 3678 Nordomanni
2165 3638 2260 3677 Bl.
2290 3639 2374 3679 02.
2482 3637 2528 3688 h)
2558 3638 2705 3677 hostia
2732 3637 2772 3676 A
2788 3639 2827 3680 1.

595 3695 659 3736 2⁸.
688 3694 774 3732 02.
804 3694 855 3734 Ρ.
980 3693 1011 3742 i)
1050 3691 1128 3740 qui
1153 3692 1249 3730 Al.
1280 3693 1320 3730 2.
1351 3692 1400 3732 P.
1525 3691 1571 3741 k)
1608 3692 1860 3731 mutatione
1892 3692 1985 3732 212,
2102 3691 2134 3742 l)
2171 3701 2199 3730 a
2235 3691 2402 3730 Mauris
2440 3691 2498 3730 It.
2538 3691 2636 3731 Δ2.
2677 3691 2740 3731 2⁸.
2781 3691 2823 3730 8.
2863 3697 2915 3738 35

594 3747 683 3786 01.
715 3747 756 3788 2.
786 3747 829 3785 J.
940 3744 1001 3796 m)
1030 3744 1359 3784 Nordomannis
1387 3745 1481 3785 Al.
1510 3745 1605 3795 Bl,
1636 3748 1674 3783 et
1701 3745 1764 3782 ita
1790 3755 1909 3788 mooe.
2005 3744 2052 3795 n)
2081 3742 2410 3784 Nordomannis
2437 3744 2480 3783 h.
2511 3744 2541 3782 Ζ.
2573 3744 2701 3783 etiam
2727 3744 2823 3782 Δ2.

594 3800 637 3850 ο)
665 3799 977 3848 amplificando
1008 3799 1048 3836 A
1063 3799 1102 3837 2.
1124 3798 1189 3836 2⁸.

597 3935 649 4000 1)
694 3932 777 3998 Cf.
816 3933 958 3987 Suet.
995 3933 1133 3998 Auy.
1185 3947 1227 3986 c.
1266 3933 1366 3986 30:
1418 3929 1600 3986 Aedes
1635 3946 1817 3984 sacras
1849 3932 2119 3982 vetustate
2156 3930 2422 3998 collapsas
2460 3971 2472 3984 .
2513 3972 2526 3984 .
2567 3971 2579 3984 .
2617 3928 2826 3985 refecit.

594 4002 650 4074 2)
692 4004 773 4068 Cf.
814 4003 1065 4070 Cupitum
1100 4003 1215 4057 eccl.
1254 4003 1327 4052 ad
1363 4003 1493 4054 Salz
1528 4003 1662 4053 data
1697 4018 1737 4059 c.
1767 4004 1812 4057 1.
1841 4002 1892 4056 2.
1929 4007 1978 4053 et
2003 4001 2256 4070 Capitula
2292 4003 2354 4054 de
2389 4002 2569 4052 causis
2603 4002 2828 4053 diversis

596 4090 641 4130 c,
670 4077 724 4141 4,
760 4074 904 4140 (LL.
944 4075 1115 4140 Capit.
1147 4074 1198 4140 Ι,
1235 4089 1294 4139 p.
1331 4073 1451 4138 119,
1490 4089 1579 4127 nr.
1608 4075 1696 4127 42.
1725 4090 1784 4140 p.
1820 4075 1942 4140 136,
1980 4089 2068 4128 nr.
2097 4075 2209 4138 49).
2283 4072 2439 4139 (Syn.
2474 4072 2826 4138 Franoofurt.
2863 4089 2918 4129 40

598 4161 649 4201 a.
678 4148 799 4200 794.
834 4161 877 4200 o.
903 4148 992 4212 26,
1028 4145 1096 4200 ib.
1129 4163 1187 4213 p.
1214 4147 1312 4211 763
1354 4144 1604 4210 Capitula
1640 4159 1667 4194 e
1703 4144 1995 4197 canonibus
2030 4147 2276 4209 excerpta
2307 4158 2346 4198 c.
2375 4146 2462 4210 24,
2496 4143 2567 4195 ib.
2590 4160 2652 4210 p.
2679 4145 2828 4209 175).

597 4216 656 4286 3)
713 4218 885 4282 (Arm.
940 4235 989 4285 q.
1043 4217 1094 4270 d.
1150 4215 1433 4267 Einhardi
1490 4231 1540 4269 a.
1588 4216 1724 4271 798:
1787 4213 1998 4268 Mauris
2056 4212 2346 4282 piraticam
2407 4213 2828 4276 exercentibus).

597 4287 655 4352 4)
696 4288 1088 4342 Oivitavecchia.
1163 4287 1336 4353 (Quae
1370 4287 1561 4338 civitas
1599 4303 1650 4341 a.
1689 4289 1811 4342 813.
1857 4293 2014 4354 capta
2049 4291 2162 4348 est,·
2211 4287 2278 4350 cf.
2316 4285 2483 4337 Abel-
2498 4285 2708 4338 Simon
2744 4285 2826 4350 ΙΙ,

589 4374 649 4425 p.
688 4361 837 4421 523).
982 4354 1036 4428 5)
1074 4357 1183 4424 (Cf.
1222 4373 1397 4424 supra
1433 4372 1475 4413 c.
1504 4359 1613 4419 14).
1761 4357 1816 4426 6)
1858 4358 1938 4422 Cf.
1975 4356 2118 4415 Suet.
2155 4357 2298 4422 Auq.
2335 4371 2375 4411 c.
2402 4358 2500 4413 612
2540 4354 2825 4425 Quoniam,

598 4429 775 4496 qualis
814 4427 873 4481 in
923 4428 1165 4498 imperiis
1217 4472 1229 4484 .
1271 4472 1282 4483 .
1324 4471 1335 4483 .
1388 4426 1569 4494 fuerit,
1627 4427 1868 4496 exposui,
1918 4425 2155 4481 referam
2203 4443 2349 4480 nunc
2398 4427 2716 4482 interiorem
2763 4442 2828 4480 ac
2861 4442 2915 4482 45

596 4499 922 4554 familiarem
960 4500 1075 4554 eius
1110 4500 1296 4555 vitam.
