3221 5163
511 498 602 554 VI
1095 496 1483 552 EINHARDI
1518 495 1712 551 VITA
1749 495 2048 551 KAROLI
2084 495 2163 552 M.

515 681 864 747 lectabatur
908 679 1021 745 otii
1053 678 1380 761 particeps
1424 678 1694 759 effectus,
1757 679 1943 744 talem
2000 699 2066 742 se
2110 680 2430 762 praebuit,
2491 688 2563 746 ut
2609 701 2749 764 per-

501 776 701 852 petua
774 768 911 852 reyi
977 775 1037 834 et
1110 767 1328 833 liberis
1395 767 1532 833 eius
1598 766 1919 848 amicitia,
1978 773 2129 848 post
2190 775 2449 834 mortem
2516 790 2753 852 quoque

517 860 852 940 duratura,
914 856 1400 923 devinciretur.
1358 856 1382 895 ¹
1507 855 1657 922 Una
1702 877 1839 921 cum
1884 876 2028 938 reye
2071 855 2342 921 Alcuini
2386 857 2751 940 discipulae,

518 946 952 1013 arithmeticae
1005 965 1256 1028 ¹qnarus
1301 947 1379 1010 ab
1442 944 1579 1026 ipso
1627 943 2108 1026 praedicatur.
2068 946 2093 984 2
2217 945 2446 1011 Puella
2504 947 2753 1013 nobilis-

517 1035 744 1117 sima,
701 1037 727 1076 ⁸
805 1036 1037 1115 Imma,
1098 1055 1289 1116 quam
1333 1033 1504 1116 reyis
1546 1033 1758 1114 filiam
1814 1033 2017 1112 fuisse
2067 1034 2305 1116 posteri
2321 1036 2348 1075 4
2404 1036 2752 1118 voluerunt,
2790 1059 2816 1099 5

516 1124 594 1190 in
650 1123 1128 1188 matrimonium
1186 1124 1405 1202 ducta,
1469 1122 1816 1188 Vussinum
1873 1143 1951 1187 ex
2008 1143 2085 1187 ea
2141 1122 2353 1202 silium
2419 1125 2751 1225 suscepit.
2710 1126 2735 1164 ⁵

521 1213 779 1280 Summo
862 1212 1064 1295 iyitur
1154 1213 1284 1277 loco
1358 1210 1614 1277 habitus
1704 1209 2141 1291 beneficiisque
2215 1219 2437 1278 auctus
2454 1214 2495 1294 ⁶,
2588 1213 2758 1279 inter

520 1308 724 1367 cetera
768 1299 1058 1366 abbatias
1105 1300 1173 1367 S.
1206 1299 1543 1366 Bavonis⁷
1577 1306 1638 1364 et
1664 1298 2201 1364 Blandiniensem
2238 1300 2694 1368 Gandavenses
2710 1303 2752 1383 ⁸,

519 1388 916 1455 immunitate
958 1387 1314 1454 iudiciaria
1359 1391 1648 1470 donatas,
1683 1387 1957 1469 accepit,·
2001 1387 2227 1469 quibus
2256 1390 2353 1454 vel
2383 1391 2632 1456 Karolo
2662 1392 2758 1456 vel

520 1479 604 1544 H
603 1478 905 1544 ludowico
978 1477 1333 1562 imperante
1407 1477 1701 1543 abbatiae
1778 1477 1845 1541 S.
1917 1475 2199 1542 Servatii
2272 1478 2695 1545 Traiectensis
2712 1481 2755 1562 9,
2796 1503 2846 1542 ιο

525 1568 593 1634 S.
652 1566 1026 1634 Ghlodoaldi
1045 1567 1118 1648 1⁰,
1167 1565 1427 1631 ecclesia
1473 1566 1541 1632 S.
1591 1565 1913 1630 Iohannis
1965 1565 2326 1631 Ticinensis
2344 1567 2414 1649 Π,
2463 1574 2523 1632 et
2564 1568 2759 1634 annis

524 1662 897 1722 sle-823.
946 1655 1204 1721 abbatia
1248 1653 1764 1720 Fontanellensis
1783 1654 1836 1693 12
1880 1662 2291 1720 accesserunt.
2369 1657 2565 1722 Anno
2607 1663 2757 1722 802.

523 1745 694 1811 inter
740 1765 1036 1826 proceres
1093 1750 1450 1809 recensetur
1468 1743 1539 1824 1⁸,
1601 1742 1829 1824 quibus
1890 1743 2133 1808 obsides
2192 1744 2502 1810 Santonici
2568 1753 2759 1812 custo-

525 1833 746 1900 diendi
809 1832 1124 1899 commissi
1190 1838 1392 1898 erant.
1508 1831 1785 1914 Operum
1851 1832 2162 1914 reyalium
2230 1840 2483 1899 exactor
2540 1834 2759 1900 consti-

525 1929 694 1988 tutus
711 1922 783 2003 14,
843 1921 1162 1986 maximae
1219 1920 1402 1986 molis
1459 1919 1789 2001 aedilicia,
1840 1927 2096 2001 pontem
2152 1922 2757 2004 Moyuntiacensem,
2799 1945 2849 1984 ιο

511 2010 774 2094 palatia
837 2009 1334 2093 Inyelheimense
1399 2015 1460 2073 et
1517 2008 1843 2090 Aquense,
1914 2015 1973 2074 et
2028 2029 2218 2090 quam
2286 2011 2587 2092 hodieque
2653 2015 2759 2078 ad-

526 2099 860 2180 miramur,
932 2098 1262 2165 basilicam
1316 2097 1674 2180 Aquensem
1695 2097 1765 2178 ¹5,
1836 2097 2251 2180 simplicitate,
2323 2099 2639 2165 soliditate
2706 2109 2764 2165 et

531 2237 582 2308 1)
621 2237 866 2302 Praefat.
999 2236 1054 2306 2)
1093 2237 1318 2288 Aleuini
1349 2236 1574 2302 epistola
1609 2237 1697 2301 85,
1741 2235 1871 2304 Opp.
1910 2236 1957 2301 1,
1987 2238 2089 2290 126
2128 2242 2238 2298 (nr.
2267 2239 2385 2292 172.
2423 2238 2553 2292 ΜΘ.
2588 2239 2761 2305 Epist.

529 2310 635 2376 IV,
666 2326 726 2376 p.
753 2311 898 2369 285).
1033 2307 1088 2377 3)
1125 2309 1274 2374 Lupi
1307 2310 1454 2374 epist.
1481 2309 1532 2362 4.
1567 2307 1641 2358 ad
1664 2307 2011 2359 Einhardum
2046 2308 2195 2374 (ΜΘ.
2234 2308 2411 2376 Epist.
2441 2308 2535 2376 VI,
2566 2326 2625 2376 Ρ.
2655 2311 2758 2375 11).

529 2381 812 2448 [Sororem
859 2379 1163 2432 Bernharii
1216 2380 1448 2446 episcopi
1491 2379 1899 2431 Wormatiensis
1948 2384 1994 2430 et
2042 2379 2254 2430 abbatis
2300 2379 2763 2447 Wizenburyensis
2799 2397 2851 2436 20

529 2468 644 2505 eam
681 2452 870 2503 habuit
905 2450 1087 2516 Jaffe‘,·
1121 2450 1212 2502 sed
1246 2450 1318 2514 cf.
1357 2450 1586 2514 Simson,
1625 2449 1839 2503 ‘Jahrb
1877 2449 2107 2516 Ludwiy
2143 2450 2193 2504 d.
2232 2451 2347 2505 Fr!
2387 2451 2463 2517 II,
2512 2470 2567 2520 p.
2608 2453 2760 2518 160].

528 2524 586 2589 4)
641 2522 865 2574 Primus
914 2521 1206 2573 monachus
1254 2520 1495 2573 chronici
1527 2521 2011 2574 Laureshamensis
2058 2537 2191 2573 saec.
2229 2522 2365 2576 ΧΙΙ.
2418 2530 2603 2575 auctor
2639 2523 2761 2589 (SS.

529 2594 692 2660 XXI,
722 2612 781 2662 p.
809 2596 914 2649 358
931 2596 1068 2661 sq.)‚·
1105 2594 1356 2660 [ultimus
1390 2593 1554 2659 Fallc,
1595 2592 2007 2659 ‘Forschunyen'
2031 2592 2163 2659 XV,
2193 2610 2253 2660 p.
2281 2595 2433 2660 657].
2544 2594 2599 2665 5)
2626 2596 2759 2647 Ein-

529 2666 696 2718 hardi
730 2682 808 2732 ep.
848 2667 934 2729 57,
971 2665 1124 2731 (ΜΘ.
1163 2664 1342 2731 Epist.
1380 2663 1441 2730 V,
1487 2682 1541 2731 Ρ.
1585 2665 1688 2719 137
1712 2666 1828 2731 sq).
1903 2665 2095 2730 [Anno
2129 2666 2251 2720 819.
2288 2668 2525 2717 nondum
2575 2667 2766 2719 liberos

529 2744 686 2789 natos
721 2752 829 2789 esse
863 2736 1054 2788 charta
1089 2735 1311 2788 ostendit
1360 2734 1412 2789 h.
1450 2751 1502 2789 a.
1540 2736 1690 2789 data.
1766 2734 1941 2798 Quare
1978 2735 2153 2787 Ideler
2186 2742 2235 2787 et
2273 2736 2331 2791 Ο.
2367 2737 2500 2789 Abel
2535 2744 2580 2789 et
2616 2737 2771 2803 Jaffe'
2800 2752 2851 2792 25

530 2810 590 2859 in
627 2808 849 2875 epistola
884 2808 982 2859 illa
1018 2807 1081 2858 de
1116 2808 1294 2858 animi
1324 2808 1439 2871 filio
1474 2809 1704 2872 coyitari
1731 2822 1887 2873 posse
1914 2814 2263 2874 putaverunt,
2303 2824 2465 2875 neque
2488 2825 2603 2859 eam
2628 2816 2765 2861 certo

531 2881 725 2932 certius
759 2878 1053 2930 Einhardo
1087 2877 1460 2930 vindicandam
1497 2893 1601 2929 esse
1636 2876 1721 2929 hic
1756 2878 2006 2943 censuitJ.
2166 2880 2221 2945 6)
2264 2895 2303 2936 e,
2339 2896 2391 2945 9.
2429 2879 2759 2947 Frideslare,

530 2949 815 3002 Einhardi
861 2965 939 3015 ep.
979 2952 1029 3015 9,
1082 2948 1146 3016 (l.
1183 2948 1217 3003 l.
1264 2966 1320 3017 p.
1361 2950 1506 3007 113)
1689 2949 1743 3015 7)
1798 2948 2007 2999 Miraei
2050 2948 2180 3017 Opp.
2218 2949 2347 3034 dipl.
2385 2950 2433 3001 I.
2485 2952 2761 3018 [Serrure,

532 3021 719 3075 ‘2’Cart
750 3037 808 3087 Ρ.
847 3022 942 3089 3],·
992 3021 1132 3072 unde
1167 3020 1312 3074 Ann.
1353 3018 1548 3086 Gand„
1588 3020 1684 3073 SS.
1724 3018 1803 3086 II,
1852 3038 1907 3087 p.
1950 3022 2069 3084 187,
2109 3024 2315 3073 erroris
2360 3024 2421 3072 in
2467 3025 2607 3073 anni
2638 3024 2761 3077 826.

530 3107 753 3145 numero
787 3098 1116 3157 aryuuntwr.
1189 3090 1354 3144 Einh.
1391 3106 1506 3157 epp.
1542 3093 1769 3145 13—15.
1808 3094 1895 3145 23.
1934 3092 2018 3145 55.
2047 3059 2131 3145 56.
2159 3094 2245 3156 68,
2284 3092 2344 3156 (l.
2373 3094 2407 3146 l.
2436 3109 2496 3159 p.
2526 3095 2628 3148 116
2652 3109 2761 3161 sqq.
2801 3109 2853 3147 so

536 3165 654 3218 121.
695 3165 815 3218 137.
856 3164 1043 3229 14239
1047 3165 1121 3225 .,)·
1162 3158 1288 3215 hist.
1325 3161 1580 3215 translat.
1620 3160 1716 3215 SS.
1755 3160 2067 3214 Marcellini
2110 3168 2157 3214 et
2198 3163 2352 3215 Petri
2386 3163 2514 3231 (IV,
2554 3168 2635 3219 11.
2680 3168 2763 3231 12,

532 3234 627 3288 SS.
654 3234 782 3299 XV,
809 3250 869 3300 p.
895 3234 1040 3299 260).
1184 3232 1242 3298 8)
1279 3231 1418 3286 Ibid
1459 3238 1504 3283 et
1544 3232 1708 3285 Einh.
1743 3248 1820 3298 ep.
1860 3236 1959 3300 553
1997 3234 2197 3301 (Fund.
2236 3238 2461 3286 monast.
2489 3236 2764 3299 Blandin„

533 3304 629 3359 SS.
667 3272 794 3370 XV,
835 3320 893 3370 p.
933 3305 1068 3371 6243
1114 3303 1257 3357 Ann.
1296 3304 1573 3367 Blandin„
1612 3304 1710 3355 SS.
1744 3304 1805 3369 V,
1840 3320 1901 3370 Ρ.
1941 3307 2039 3370 233
2078 3305 2260 3356 Vande
2306 3305 2477 3370 Putte,
2528 3308 2767 3358 Annales

533 3376 650 3430 abb.
687 3376 744 3430 S.
777 3343 934 3426 ’Pam
978 3375 1235 3427 Blandin.
1279 3392 1338 3441 p.
1377 3376 1445 3429 71
1473 3375 1638 3441 sqq.),·
1688 3375 1811 3429 hist.
1848 3377 2041 3429 transl.
2080 3376 2136 3429 S.
2172 3376 2561 3443 Wandreyiseli
2606 3390 2671 3442 (c.
2714 3380 2763 3443 9,

534 3446 628 3500 SS.
666 3447 797 3511 XV,
826 3462 886 3513 Ρ.
925 3447 1068 3513 627).
1215 3446 1271 3514 9)
1307 3445 1474 3499 Einh
1512 3462 1588 3513 ep.
1629 3449 1681 3500 3.
1716 3452 1765 3497 et
1802 3445 1991 3497 charta
2028 3449 2168 3499 notis
2208 3446 2528 3499 Tironianis
2562 3452 2767 3516 scripta
2802 3462 2853 3503 ⁸5

533 3518 724 3570 codicis
758 3519 901 3583 reyii
930 3516 1452 3571 Paris.nr.2.16.
1671 3518 1759 3585 10)
1806 3516 1971 3571 Einh
2010 3533 2088 3585 ep.
2126 3520 2211 3573 39.
2250 3520 2452 3586 [Aliud
2487 3535 2549 3571 ac
2582 3524 2765 3571 notum

534 3589 673 3640 illud
708 3589 763 3641 S.
805 3588 1083 3641 Clodoaldi
1114 3590 1499 3639 monasterium
1527 3604 1699 3655 prope
1734 3586 1981 3640 Parisios
2014 3591 2179 3640 situm
2216 3591 2613 3657 intelliyendum
2661 3606 2767 3642 esse

535 3664 702 3711 censet
736 3660 914 3711 Teulet
945 3655 1024 3725 II,
1058 3677 1113 3727 p.
1143 3662 1193 3723 5,
1229 3675 1285 3711 n.
1310 3660 1392 3725 2]-.
1540 3660 1630 3727 11)
1667 3659 1833 3713 Einh.
1872 3659 1995 3713 hist.
2033 3662 2283 3715 translat.
2322 3662 2419 3715 SS.
2455 3660 2769 3713 Marcellini

535 3737 582 3783 et
617 3729 770 3781 Petri
802 3730 872 3797 (I,
899 3732 949 3795 6,
987 3730 1346 3798 Ζ.Ζ.Ρ..242)
1493 3729 1581 3799 12)
1625 3730 1789 3783 Gesta
1824 3730 1940 3785 abb.
1966 3730 2289 3798 Fontanell.,
2325 3732 2421 3784 SS.
2446 3732 2527 3797 II,
2558 3748 2615 3798 Ρ.
2642 3735 2764 3798 294,

535 3801 747 3868 (SS.R.
779 3801 1066 3868 Θ.Ρ.50).
1215 3799 1302 3869 13)
1335 3800 1450 3854 LL.
1478 3801 1526 3867 I,
1561 3819 1616 3868 p.
1644 3803 1731 3865 90,
1767 3802 1904 3869 (LL.
1943 3802 2108 3855 Sectio
2142 3802 2223 3869 ΙΙ,
2264 3803 2434 3870 Capit.
2473 3804 2519 3867 I,
2551 3819 2609 3870 p.
2636 3770 2767 3869 234)
2802 3817 2855 3855 40

534 3872 748 3939 [‘Hunc
783 3872 1000 3923 eundem
1036 3886 1100 3922 ac
1135 3878 1378 3925 nostrum
1411 3872 1747 3924 Einhartum
1781 3874 1952 3938 fuisse
2000 3889 2107 3926 non
2154 3872 2397 3928 constat’.
2471 3858 2766 3940 JAFFE'J.

539 3943 628 4006 14)
671 3942 832 3994 Gesta
867 3942 982 4001 abb,
1019 3940 1332 4007 Fontanell„
1373 3944 1406 3998 l.
1446 3944 1480 3997 l.
1514 3961 1570 4011 p.
1595 3946 1703 3997 293
1739 3944 1861 4009 (SS.
1895 3944 1962 3999 R.
1998 3945 2063 3999 Θ.
2096 3963 2151 4012 Ρ.
2190 3948 2286 4005 50)
2323 3945 2446 4012 [ubi
2480 3944 2769 4010 Ansiyisus

539 4016 762 4067 exactor
811 4030 1039 4083 operum
1090 4013 1356 4083 regalium
1406 4013 1464 4065 in
1506 4014 1841 4083 Aquisgrani
1891 4014 2097 4083 palatio
2147 4014 2301 4084 regio
2350 4015 2450 4069 sub
2486 4014 2765 4068 Einhardo

539 4084 739 4138 abbate
794 4084 1119 4137 constitutus
1177 4085 1422 4151 dieiturJ.
1518 4084 1817 4151 Walafridi
1873 4086 2155 4139 Strabonis
2212 4102 2427 4139 carmen
2485 4087 2547 4138 de
2605 4102 2661 4139 eo
2723 4094 2768 4139 et

537 4155 795 4207 Hrabani
829 4155 1174 4223 epitaphium.
1322 4156 1413 4224 15)
1448 4156 1518 4207 In
1553 4158 1721 4209 codice
1755 4163 1931 4208 tamen
1966 4174 2095 4212 saec.
2120 4158 2225 4213 IX.
2250 4156 2331 4211 ecc‘.
2384 4158 2773 4211 Vindobonensi
2802 4172 2856 4211 45

539 4230 682 4279 inter
716 4226 979 4293 theoloyos
1013 4244 1099 4281 nr.
1137 4228 1258 4283 354.
1296 4230 1509 4293 siynato
1544 4229 1719 4294 [nunc
1756 4230 1891 4295 969]
1927 4229 2024 4293 fol.
2063 4228 2165 4283 55.
2203 4228 2534 4295 epitaphium
2570 4230 2773 4282 Karoli

539 4313 604 4349 us
605 4314 704 4365 que
739 4296 974 4349 feliciter
997 4296 1141 4351 rexit
1164 4302 1212 4349 et
1243 4298 1382 4350 hanc
1406 4300 1634 4351 alteram
1658 4301 2053 4365 inscriptionem
2077 4300 2207 4366 leqi:
2230 4298 2471 4353 INFRA
2498 4298 2767 4353 OAPEL-

539 4366 754 4439 LA(M)
782 4366 1185 4423 SCRIPTUM.
1248 4366 1574 4450 Insig(n)em
1610 4369 1753 4423 hanc
1788 4368 2069 4439 dig-nitatis
2104 4370 2285 4423 aulam
2308 4370 2549 4423 Karolus
2586 4386 2769 4424 caesar

541 4454 773 4508 magnus
822 4437 1074 4507 instituit,
1125 4438 1376 4509 egregius
1425 4438 1547 4494 odo
1596 4440 1860 4509 magister
1910 4441 2179 4510 explevit3
2230 4440 2471 4495 Metensi
2516 4442 2663 4495 fotus
2711 4440 2769 4492 in

540 4510 678 4563 urbe
713 4509 958 4579 quiescit.
2804 4526 2857 4565 σο

3195 422 3199 431 >
3184 301 3205 370 ωδ*
