3221 5163
531 487 587 540 X
1113 487 1501 542 EINHARDI
1537 487 1728 563 VITA
1764 488 2065 545 KAROLI
2098 490 2179 548 M.

533 669 722 734 ritate
787 690 916 751 qua
983 670 1229 734 valebat
1279 671 1667 753 payensium
1734 677 1792 736 et
1846 672 2203 738 vicinorum
2259 674 2443 756 rebus
2503 672 2765 754 beniyne

535 759 854 824 consulere
874 759 916 842 1,
993 780 1105 823 nec
1179 762 1355 840 apud
1427 759 1666 824 amicos
1730 759 1805 825 in
1867 761 2117 843 palatio
2184 752 2577 826 remanentes
2638 781 2765 843 pro

533 846 849 930 oppressis
905 846 1286 913 intercedere
1305 851 1330 887 2
1385 847 1641 913 destitit.
1745 849 2101 916 Ecclesiam
2146 849 2763 930 Mulinheimensenu

533 942 888 1018 martyrum
930 935 1175 1000 meritis
1217 935 1350 1000 iam
1405 938 1585 1020 lonye
1644 938 1884 1019 lateque
1942 939 2252 1020 eelebrent,
2314 937 2656 1004 adornavit
2711 943 2771 1002 et

523 1026 782 1106 plumbo
827 1025 980 1090 texit
996 1026 1038 1087 3.
1145 1025 1366 1090 Libris
1425 1025 1894 1092 conscribendis
1951 1049 2081 1092 non
2139 1033 2402 1108 tantum,
2462 1033 2767 1109 quantum
2802 1051 2830 1092 5

537 1113 686 1178 olim
703 1115 731 1152 4
773 1113 945 1179 inter
987 1113 1171 1196 reyni
1215 1114 1483 1197 neyotia,
1534 1121 1772 1196 tempus
1816 1115 2126 1200 impendit
2144 1117 2186 1179 ⁵.
2279 1116 2572 1181 Annales
2614 1136 2768 1197 quos

537 1203 612 1268 de
643 1201 915 1284 Pippini
957 1202 1200 1268 Karoli
1243 1209 1303 1268 et
1345 1205 1430 1268 H
1428 1203 1723 1268 ludowici
1766 1207 1950 1270 rebus
1992 1204 2067 1270 in
2097 1205 2356 1289 palatio
2402 1204 2768 1270 constitutus

537 1290 883 1373 edideratss,
943 1292 1120 1357 ultra
1177 1313 1421 1357 annum
1475 1299 1627 1358 829.
1688 1314 1819 1358 non
1865 1295 2306 1374 producendos
2362 1292 2765 1358 existimamt.

540 1379 815 1461 Scripsit
843 1387 1182 1462 praeterea
1227 1381 1421 1446 libros
1465 1383 1542 1446 de
1585 1381 1859 1447 historia
1905 1382 2349 1448 translationis
2406 1389 2769 1448 sanctorum

538 1469 919 1535 Marcellini
949 1476 1009 1534 et
1036 1469 1217 1534 Petri
1247 1476 1307 1534 et
1339 1473 1430 1536 ad
1456 1470 1712 1552 Lupum
1742 1470 2018 1536 libellum
2046 1473 2125 1536 de
2152 1491 2333 1536 cruce
2364 1471 2703 1537 adoranda
2726 1471 2764 1534 ⁷.
2807 1497 2859 1534 ιο

537 1558 868 1641 Epistolae
933 1558 1070 1623 eius
1143 1580 1305 1640 quae
1370 1566 1712 1641 supersunt
1781 1559 2086 1625 historiae
2152 1559 2433 1625 auctoris
2507 1566 2567 1624 et
2629 1565 2769 1624 tem·

527 1647 718 1731 poris
791 1646 972 1712 illius
1045 1647 1468 1713 illustrandae
1539 1649 1805 1714 multum
1872 1651 2225 1715 conducunt
2239 1650 2283 1712 ⁸.
2404 1648 2771 1713 Historiam

542 1735 867 1802 Saxoniae
911 1735 1041 1801 sive
1085 1736 1360 1801 libellum
1405 1739 1480 1801 de
1531 1740 1821 1819 adventu,
1884 1737 2164 1802 moribus
2220 1744 2279 1802 et
2333 1736 2771 1819 superstitione

543 1826 870 1891 Saxonum
928 1832 987 1890 et
1041 1825 1375 1890 historiam
1443 1825 1891 1892 translationis
1957 1827 2164 1891 sancti
2220 1825 2619 1906 Alexandri,
2688 1828 2767 1890 ab

541 1915 792 1978 Adamo
839 1913 1178 1978 Bremensi
1235 1914 1296 1979 ei
1353 1914 1643 1995 tributas,
1692 1914 1973 1993 Rudolfo
2032 1922 2091 1980 et
2134 1915 2570 1997 Meyinhardo
2616 1915 2768 1980 Ful·
2809 1937 2860 1978 ιο

542 2002 839 2068 densibus
898 2002 1108 2068 deberi
1161 2003 1292 2068 alio
1345 2004 1476 2068 loco
1534 2003 1815 2068 diximus
1833 2005 1876 2065 ⁹.
1982 2003 2357 2070 Lambecius
2401 2025 2546 2070 vero
2566 2004 2618 2043 1⁰
2664 2005 2770 2069 ad-

543 2091 990 2157 breviationem
1035 2091 1319 2157 chronici
1364 2094 1442 2157 ab
1490 2093 1656 2158 Urbe
1700 2092 1955 2157 condita
1998 2112 2193 2173 usque
2229 2095 2318 2157 ad
2344 2114 2589 2157 annum
2619 2098 2769 2156 809.

543 2181 604 2246 ei
660 2179 992 2246 vindicare
1051 2188 1336 2261 conatus,
1399 2182 1572 2246 nullo
1620 2182 1820 2263 plane
1877 2181 2291 2260 fundamento
2352 2181 2599 2262 nititur,
2660 2202 2774 2245 nec

542 2268 796 2334 meliore
864 2269 1004 2334 iure
1071 2269 1192 2334 alii
1249 2269 1582 2336 Einhardi
1642 2270 1971 2335 cuiusdam
2023 2269 2420 2353 psalterium,
2481 2270 2647 2350 quod
2700 2269 2775 2334 in

545 2357 914 2423 bibliotheca
942 2358 1253 2424 Bobiensi
1297 2366 1670 2440 recensetur,
1704 2365 1917 2424 nostro
1948 2359 2426 2440 adscripserunt
2442 2359 2513 2420 11.
2601 2358 2775 2439 Quae
2810 2382 2863 2421 20

543 2467 688 2512 vero
747 2446 975 2529 edidit,
1040 2446 1137 2512 ita
1196 2454 1566 2532 comparata
1631 2455 1811 2529 sunt,
1880 2455 1953 2513 ut
2002 2447 2424 2530 praecipuum
2482 2447 2541 2512 ei
2606 2447 2788 2530 inter·

544 2535 878 2602 historicos
936 2537 1134 2603 locum
1192 2537 1546 2619 adsiynent.
1656 2537 1932 2619 Scripsit
1986 2537 2155 2603 enim
2210 2557 2460 2602 summa
2516 2535 2773 2618 inteyri-

547 2632 671 2691 tate
738 2626 944 2692 animi
958 2678 975 2707 ,
1047 2648 1176 2691 non
1238 2633 1452 2691 extera
1511 2633 1569 2692 et
1626 2626 1873 2709 aliena,
1936 2630 2048 2692 sed
2103 2634 2340 2708 tempus
2398 2648 2607 2707 suum,
2668 2628 2780 2691 sed

548 2715 818 2781 amicum
833 2766 850 2796 ,
919 2737 1031 2780 nec
1090 2717 1258 2780 docte
1320 2722 1596 2798 tantum,
1668 2718 1779 2781 sed
1840 2723 1911 2780 ut
1966 2715 2027 2781 is
2084 2715 2196 2797 qui
2254 2721 2519 2781 aetatem
2576 2716 2651 2779 in
2707 2736 2777 2779 re

533 2804 797 2887 publica
871 2803 1394 2870 administranda
1469 2804 1925 2870 consumsisset.
2054 2804 2336 2870 Litteras
2420 2804 2705 2869 Graecas
2726 2803 2778 2843 12
2813 2825 2865 2865 25

547 2915 740 2975 aeque
785 2915 862 2959 ac
905 2893 1239 2958 Romanas
1283 2892 1487 2974 coluit,
1537 2900 1597 2958 et
1640 2914 1717 2958 eoe
1762 2892 2046 2975 antiqnis
2104 2915 2234 2957 non
2294 2899 2537 2958 tantum
2594 2892 2779 2957 histo-

548 2983 714 3048 ricos
759 2990 816 3047 et
850 2988 1072 3064 poetas
1090 2982 1162 3060 1³,
1209 2982 1696 3067 mathematicos,
1741 2982 2193 3063 ,qrammaticos
2211 2983 2263 3022 14
2308 2988 2368 3047 et
2409 2981 2687 3046 rhetores
2706 2981 2776 3062 1⁵,

552 3197 604 3260 1)
656 3194 760 3260 ΕΡ.
801 3195 885 3247 24.
938 3195 1006 3247 37
1043 3194 1128 3258 (in
1165 3208 1267 3259 quo
1316 3194 1430 3244 iam
1466 3192 1639 3258 Epist.
1678 3192 1739 3257 V,
1780 3210 1839 3259 p.
1880 3195 2002 3247 128.
2042 3208 2151 3258 pro
2185 3190 2362 3244 Boma
2409 3208 2435 3243 e
2482 3194 2781 3244 coniectura

548 3266 756 3318 Pertzii
787 3267 1048 3331 scriptum
1083 3271 1159 3316 est
1192 3262 1414 3329 Imma).
1452 3265 1538 3318 42.
1577 3266 1805 3318 46—49.
1852 3265 1938 3318 60.
1989 3265 2074 3318 62.
2289 3262 2345 3333 2)
2397 3262 2502 3327 Ep.
2538 3265 2627 3318 28.
2676 3265 2779 3329 29;

551 3339 780 3401 fortasse
815 3342 862 3389 et
896 3338 995 3404 273
1049 3339 1132 3390 19.
1169 3338 1254 3389 30.
1293 3338 1378 3389 34.
1560 3337 1616 3402 3)
1657 3334 1760 3402 Ep.
1800 3337 1886 3389 36.
2065 3334 2121 3404 4)
2173 3335 2269 3387 SS.
2307 3334 2357 3399 I,
2400 3351 2459 3401 p.
2500 3336 2619 3389 126.
2659 3336 2777 3388 127.
2816 3347 2868 3386 30

551 3406 606 3477 5)
644 3409 748 3474 Ep.
785 3408 860 3459 ad
893 3408 1108 3473 Lupum
1144 3407 1339 3473 (Epist.
1377 3405 1472 3469 VI,
1523 3425 1576 3473 p.
1618 3408 1650 3461 9
1674 3408 1776 3473 sq.)
1812 3411 1857 3456 et
1892 3422 1968 3472 ep.
2008 3408 2093 3462 57.
2239 3404 2291 3475 6)
2336 3405 2431 3459 SS.
2470 3405 2518 3466 I,
2563 3421 2618 3471 Ρ.
2660 3407 2777 3460 127.

550 3478 663 3549 [De
699 3478 803 3529 hac
835 3480 1093 3531 sententia
1128 3493 1163 3527 a
1199 3477 1412 3528 Pertzio
1445 3482 1762 3542 sustentata,
1799 3478 1867 3527 ab
1910 3479 2037 3529 aliis
2085 3478 2236 3527 valde
2285 3478 2621 3543 impuynata‚
2674 3490 2780 3526 non

551 3550 648 3601 hoc
688 3551 796 3601 loco
843 3550 1225 3615 disputandum
1273 3564 1384 3600 esse
1431 3548 1654 3616 censeo]
1873 3547 1926 3617 7)
1978 3547 2163 3614 (Quem
2201 3548 2265 3601 E.
2303 3548 2585 3598 Diimmler
2620 3545 2781 3597 edidit

555 3622 634 3672 ‘N
632 3663 643 3675 .
669 3620 886 3672 Archiv’
913 3621 1018 3686 XI,
1047 3637 1106 3686 p.
1134 3621 1463 3684 233-238).
1607 3621 1664 3686 8)
1705 3619 2087 3687 [Einhardum
2122 3622 2281 3671 etiam
2316 3619 2550 3670 versibus
2574 3617 2781 3668 laudem

549 3693 656 3744 sibi
687 3707 916 3759 parasse
953 3707 1133 3743 versus
1157 3692 1398 3742 Nasonis
1432 3708 1477 3744 v.
1505 3692 1589 3745 91.
1618 3692 1702 3745 92.
1741 3691 1982 3743 indicare
2016 3692 2264 3743 videntur
2288 3690 2503 3754 (Poetae
2528 3687 2703 3741 Garol.
2730 3687 2777 3753 Ι,
2818 3699 2868 3740 ³5

544 3780 588 3831 P
942 3832 1149 3885 Aonias
1186 3832 1344 3885 avide
1360 3832 1426 3901 (ἓ)
1464 3831 1653 3884 solitus
1689 3831 1942 3884 recitasse
1978 3848 2230 3884 camenas

943 3903 994 3957 N
997 3902 1158 3955 ardus
1195 3920 1363 3956 ovans
1397 3920 1610 3955 summo
1646 3902 1920 3969 praesenti
1954 3902 2128 3969 pollet.
2162 3902 2383 3956 honore.

555 3980 586 4041 (
591 3976 952 4042 Wattenbach
984 3976 1092 4038 GQ.
1122 3975 1202 4039 I
1168 3974 1185 4003 ⁷
1229 3992 1290 4041 Ρ.
1317 3978 1424 4030 200
1445 3990 1520 4042 sq.
1523 3979 1564 4035 ).
1630 3975 1713 4039 Cf.
1750 3989 1885 4041 quae
1920 3974 2101 4041 Ehem,
2141 3974 2346 4026 ‘Ge-sch.
2380 3974 2477 4025 der
2499 3971 2783 4024 Literatur

553 4049 644 4099 des
679 4047 826 4101 MA!
866 4047 946 4109 ΙΙ,
987 4063 1047 4113 p.
1087 4049 1173 4111 92,
1210 4062 1262 4099 n.
1301 4049 1352 4111 2,
1396 4046 1623 4113 attulit]
1839 4046 1893 4111 9)
1948 4046 2043 4101 SS.
2079 4045 2128 4111 Ι,
2171 4061 2230 4112 p.
2267 4048 2387 4099 339.
2439 4044 2520 4108 ΙΙ,
2567 4060 2619 4110 Ρ.
2660 4044 2779 4098 674.
2816 4055 2871 4095 40

557 4121 647 4186 10)
691 4118 968 4171 Comment.
1005 4119 1128 4171 bibl.
1156 4084 1381 4171 'Vindob
1420 4117 1500 4180 II,
1547 4134 1603 4183 Ρ.
1643 4118 1763 4172 395.
1802 4118 1925 4185 398.
2094 4117 2186 4183 11)
2223 4115 2411 4167 Mansi
2442 4118 2501 4166 in
2536 4114 2785 4165 Fabricii

554 4191 676 4244 bibl.
713 4190 914 4241 mediae
957 4195 1004 4242 et
1047 4191 1148 4253 inf
1186 4189 1471 4241 latinitatis
1506 4189 1594 4242 lib.
1632 4189 1691 4253 V,
1737 4190 1916 4254 Ρ.88.
2134 4188 2223 4253 12)
2270 4186 2414 4237 Eum
2453 4186 2657 4237 Graeca
2693 4187 2781 4236 in-

555 4262 813 4315 tellexoese
861 4266 908 4313 et
944 4261 1292 4327 proverbium
1327 4262 1387 4311 in
1423 4259 1547 4310 Vita
1584 4258 1786 4309 Karoli
1819 4275 1859 4312 c.
1891 4260 1973 4313 16.
2010 4260 2289 4310 recitatum
2338 4262 2385 4309 et
2419 4257 2567 4323 Lupi
2612 4273 2689 4325 ep.
2728 4258 2779 4320 5,

555 4334 711 4398 (Ma.
748 4332 925 4398 Epist.
965 4331 1053 4395 VI,
1097 4347 1156 4397 p.
1194 4334 1288 4390 17)
1336 4336 1384 4381 et
1431 4346 1565 4396 quae
1614 4330 1675 4379 de
1711 4330 1922 4381 Karolo
1970 4331 2083 4381 eius
2131 4330 2349 4394 linquae
2390 4332 2567 4395 perito
2615 4344 2656 4379 c.
2693 4330 2780 4381 25.

554 4405 723 4468 refert
767 4408 1046 4457 testantur.
1193 4401 1281 4471 13)
1324 4402 1544 4467 Viryilii
1582 4402 1857 4466 Geor-qim,
1909 4416 1985 4467 ep.
2026 4402 2110 4455 57.
2271 4402 2361 4466 14)
2413 4400 2590 4461 Ibid.,·
2638 4398 2787 4463 Lupi
2816 4407 2870 4448 45

557 4492 634 4542 ep.
678 4478 723 4529 1.
885 4476 972 4540 15)
1017 4474 1316 4524 Vitruvium
1356 4488 1431 4540 ep.
1471 4476 1566 4540 573
1608 4473 1678 4536 of.
1716 4472 1865 4537 Lupi
1896 4488 1973 4539 ep.
2013 4475 2063 4527 5.
2236 4500 2260 4523 ι
