3221 5163
361 1519 413 1557 10

359 1961 411 2001 15

356 2928 409 2968 25

357 3665 409 3706 35

1030 509 1419 565 EINHARDI
1455 509 1649 566 VITA
1685 509 1989 565 KAROLI
2025 510 2103 567 M.
2615 514 2688 569 25

452 715 663 761 aurea
708 691 993 779 sagum*
1040 695 1534 778 adstringente,
1584 694 1974 758 diademate
1990 689 2052 724 ³¹³*
2090 715 2358 777 quoque
2397 715 2479 759 ex
2517 714 2685 758 auro

452 789 523 850 et
569 785 857 868 gemmis
904 786 1187 847 ornatus
1232 783 1622 847 incedebat.
1699 782 1877 846 Aliis
1923 786 2159 847 autem
2205 783 2447 848 diebus
2494 783 2684 847 habi-

451 878 567 937 tus
614 874 761 938 eius
807 895 1050 957 parum
1096 893 1138 935 a
1183 873 1530 936 communi
1577 876 1700 935 ac⁸
1742 872 2012 955 plebeio
2059 872 2495 937 abhorrebat.

664 958 868 1025 24.***
943 962 1031 1025 In
1094 960 1291 1026 cibol
1346 964 1417 1025 et
1482 964 1654 1085 potu
1717 963 2128 1043 temperans,
2191 961 2310 1025 sed
2378 962 2452 1023 in
2513 964 2686 1044 potu

450 1052 964 1134 temperantior,
1044 1050 1297 1134 quippe
1366 1050 1485 1132 qui
1581 1050 1988 1115 ebrietatem
2057 1050 2130 1112 in
2200 1050 2683 1132 qualicumque

451 1141 747 1215 homine,
781 1140 1038 1203 nedum
1067 1140 1143 1202 in
1173 1160 1244 1203 se
1276 1143 1395 1203 ac⁰
1431 1139 1591 1215 suis,
1626 1138 2001 1222 plurimum
2033 1134 2684 1203 abhominabaturd.

452 1228 662 1293 (11110θ
710 1230 893 1293 0111111
946 1249 1086 1292 11011
1132 1228 1304 1293 8(100
1352 1228 1698 1291 abstinere
1746 1221 2088 1310 poteratf,
2151 1230 2233 1290 ut
2280 1248 2482 1311 saepe
2529 1248 2683 1310 que-

449 1322 716 1381 reretur
774 1317 979 1381 noxia
1038 1317 1307 1400 corpori
1366 1336 1490 1380 suo
1551 1337 1696 1380 esse
1757 1316 2033 1379 ieiunia.
2131 1314 2685 1381 Convivabatur2

448 1406 811 1482 rarissime,
880 1408 951 1470 et
996 1406 1126 1470 hoc
1174 1405 1561 1488 praecipuis
1607 1407 1880 1468 tantum
1930 1405 2451 1481 festivitatibus,
2512 1408 2682 1469 tunc

447 1498 683 1560 tamen
730 1516 885 1559 cum
933 1515 1185 1577 magno
1232 1495 1595 1558 hominum
1640 1514 1947 1557 numero.
2042 1493 2274 1558 Caena
2334 1494 2683 1559 cotidiana

448 1584 801 1666 quaternis
848 1586 1126 1647 tantum
1174 1583 1457 1647 ferculis
1519 1582 1978 1666 praebebatur
1998 1582 2040 1660 3,
2104 1586 2378 1666 praeter
2438 1603 2679 1659 assam,

448 1693 655 1755 quam
699 1676 1059 1737 venatores
1104 1672 1377 1736 veribus
1424 1671 1682 1735 inferre
1729 1671 2061 1749 solebant,
2125 1692 2258 1754 qua
2304 1670 2425 1736 ille
2471 1672 2683 1736 liben-

446 1762 588 1825 tius
634 1782 840 1844 quam
899 1762 1044 1825 ullo
1106 1760 1243 1824 alio
1290 1761 1445 1824 cibo
1492 1760 1916 1825 vescebatur.
2011 1760 2207 1825 Inter
2253 1762 2681 1824 caenandum

448 1853 571 1914 aut
638 1850 919 1932 aliquod
988 1849 1347 1914 acroama4
1415 1852 1538 1913 aut
1614 1849 1944 1914 lectorem
2013 1850 2360 1913 audiebat.
2475 1849 2682 1932 Lege-

448 1939 704 2002 bantur
750 1940 816 2003 ei
862 1938 1189 2004 historiae
1238 1940 1309 2002 et
1355 1939 1798 2021 antiquorum
1842 1942 1996 2001 1088
2032 1941 2288 2020 gestae.
2370 1938 2682 2003 Delecta-

448 2028 654 2093 batur
700 2031 770 2091 et
817 2027 1011 2092 libris
1057 2028 1281 2091 sancti
1318 2020 1764 2111 Augustinih,
1812 2028 2314 2111 praecipueque
2361 2028 2468 2090 his
2516 2021 2668 2110 quii

449 2117 533 2180 de
582 2117 862 2180 civitate
909 2116 1043 2180 Dei
1089 2116 1526 2200 praetitulati
1572 2118 1755 2180 sunt.
1834 2116 1996 2179 Vini
2014 2115 2039 2155 ⁵
2085 2121 2156 2180 et
2209 2116 2429 2179 omnis
2477 2120 2682 2199 potus

448 2205 619 2269 adeo
688 2200 977 2288 parcusk
1027 2206 1102 2268 in
1169 2205 1470 2269 bibendo
1540 2207 1710 2282 erat,
1781 2208 1862 2268 ut
1923 2225 2128 2288 super
2187 2226 2467 2269 caenam
2526 2226 2682 2269 raro

447 2294 603 2377 plus
650 2315 854 2377 quam
896 2298 1004 2358 ter
1042 2294 1329 2359 biberet.
1409 2296 1697 2358 Aestate
1730 2297 1887 2377 post
1918 2294 2148 2359 cibum
2182 2294 2683 2358 meridianum⁶

447 2404 805 2467 pomorum
874 2384 1137 2465 aliquid
1212 2402 1487 2446 sumens
1564 2404 1645 2447 ac
1721 2383 1934 2447 semel
2010 2383 2271 2461 bibens,
2351 2383 2682 2467 depositis

447 2472 753 2537 vestibus
802 2477 872 2536 et
920 2472 1411 2549 calciamentis,
1460 2465 1690 2535 velut¹
1735 2475 1948 2535 noctu
1995 2472 2242 2536 solitus
2289 2476 2456 2549 erat,
2522 2473 2682 2535 dua-

448 2561 574 2626 bus
608 2565 781 2626 autm
796 2561 1018 2627 tribus
1052 2562 1237 2626 horis
1264 2561 1681 2645 quiescebat.
1742 2559 2082 2625 Noctibus
2107 2561 2204 2626 sic
2231 2561 2617 2626 dormiebat
2639 2560 2679 2640 ⁷,

447 2654 527 2714 ut
573 2671 886 2714 somnum
950 2654 1197 2733 quater
1243 2654 1366 2713 aut
1434 2650 1798 2732 quinquies
1865 2671 2005 2714 11011
2075 2651 2295 2714 80111111
2367 2670 2684 2734 experge-

445 2741 767 2817 scendon,
848 2740 968 2803 sed
1045 2739 1257 2804 etiam
1332 2740 1804 2823 desurgendo⁰
1858 2739 2413 2822 interrumperet.
2507 2739 2683 2802 Cum

649 2911 727 2981 .*)
770 2913 852 2966 Gl.
889 2912 999 2968 cod.
1037 2911 1149 2966 82..-
1184 2910 1241 2963 id
1278 2913 1361 2964 est
1396 2894 1838 2965 clamidem'sive
1872 2911 2135 2976 trabeam,
2178 2927 2316 2979 quae
2354 2910 2517 2964 vestis
2554 2926 2684 2978 qua-

634 3053 721 3123 **)
765 2982 1033 3136 dGrlanffia
1065 2985 1177 3109 33¹²:
1228 3052 1287 3106 id
1337 3057 1419 3107 est
1469 3069 1686 3121 corona,
1743 3052 1896 3106 cuius
1947 3069 2076 3106 ansa
2129 3053 2378 3122 superior
2431 3051 2685 3106 diadema

605 3196 725 3266 ***)
765 3124 997 3252 11ῖῖῗῖΠῖ
1048 3199 1147 3252 25:
1206 3194 1331 3248 Cibi
1380 3212 1444 3249 ac
1490 3199 1653 3263 potus
1705 3198 1760 3248 et
1809 3193 2160 3248 dormicionis
2210 3194 2356 3262 quod
2409 3197 2682 3262 tempera-

763 3271 1011 3320 mentum
1048 3269 1178 3328 (cod.
1206 3266 1391 3321 Hann.
1406 3285 1425 3319 .·
1461 3283 1626 3334 quam
1663 3266 2114 3335 temperanciam)
2152 3265 2422 3334 habuerit,
2460 3269 2514 3318 et
2552 3265 2684 3334 quid

765 3355 929 3408 agere
965 3339 1155 3391 solitus
1194 3338 1266 3390 sit
1301 3337 1445 3390 inter
1480 3335 1826 3392 vescendum.

446 3499 488 3546 a)
528 3503 573 3537 et
608 3499 648 3536 A
670 3501 709 3541 1.
739 3499 789 3540 P.
950 3499 995 3549 b)
1034 3499 1141 3546 qula
1175 3498 1215 3536 A
1236 3500 1274 3538 2.
1440 3498 1479 3549 0)
1518 3503 1596 3536 aut
1635 3499 1726 3537 02.
1891 3495 1936 3548 d)
1975 3497 2316 3537 abominabatur
2353 3498 2475 3538 ΒΡ.
2508 3499 2547 3536 2.
2587 3498 2679 3537 01.

446 3551 488 3603 e)
526 3550 683 3591 Cibum
726 3552 760 3590 0
777 3553 815 3592 2.
980 3553 1013 3601 1¹)
1052 3552 1198 3600 potuit
1233 3553 1273 3590 A
1292 3551 1332 3594 2.
1492 3551 1539 3601 g)
1576 3562 1706 3600 reges
1736 3562 1849 3590 corr.
1881 3561 2035 3598 regum
2062 3552 2102 3589 B
2121 3551 2195 3600 1²⁸3
2235 3562 2389 3600 regum
2418 3556 2544 3599 gesta
2570 3551 2611 3589 A
2629 3552 2680 3600 43

446 3615 575 3654 reges
604 3611 753 3651 gestae
782 3606 859 3644 Bl
889 3603 1065 3656 (geste).
1097 3605 1192 3654 023
1236 3605 1304 3644 rei
1332 3609 1458 3653 gesta
1483 3605 1577 3644 ΒΞ.
1689 3606 1735 3654 11)
1775 3605 1978 3652 Agustini
2000 3604 2093 3646 As.
2122 3605 2241 3643 Β1*.
2365 3605 2395 3652 i)
2439 3615 2554 3653 quae
2582 3605 2622 3642 A
2639 3607 2679 3643 1.

444 3657 493 3708 k)
522 3663 797 3706 temperatus
825 3663 923 3698 erat
952 3659 999 3696 111
1027 3659 1115 3700 bib.
1145 3659 1183 3697 A
1202 3659 1241 3700 5.
1350 3659 1382 3709 l)
1411 3662 1461 3697 ut
1488 3659 1528 3696 A
1548 3658 1587 3699 1.
1699 3659 1760 3708 m)
1787 3669 1841 3697 80
1869 3659 1904 3697 C
1920 3659 1958 3696 2.
2070 3658 2117 3708 11)
2147 3656 2501 3706 expergiscendo
2529 3658 2624 3698 Al.
2656 3658 2682 3696 8

448 3713 489 3758 (e
514 3715 666 3760 cortu).
694 3711 733 3750 3.
764 3713 815 3750 Ρ.
900 3712 943 3763 0)
974 3709 1308 3759 deresurgendo
1337 3714 1377 3750 A
1396 3712 1436 3750 1.
1468 3712 1518 3751 P.
1530 3724 1549 3759 ,·
1574 3709 1860 3761 adsurgendo
1888 3712 1929 3749 B
1947 3712 1986 3750 1.

449 3854 501 3920 1)
541 3853 679 3908 Suet.
716 3853 861 3919 Auy.
898 3869 939 3907 c.
966 3854 1062 3908 76:
1106 3851 1229 3905 Cibi
1268 3895 1279 3908 .
1309 3895 1321 3908 .
1350 3897 1361 3908 .
1401 3852 1618 3905 minimi
1656 3857 1789 3907 erat.
1934 3854 1988 3920 2)
2033 3853 2172 3906 Ibid.
2209 3869 2250 3907 c.
2278 3855 2374 3908 74:
2415 3850 2682 3905 Conviva·

445 3924 608 3977 batur
658 3923 870 3976 assidue
921 3966 934 3978 .
975 3967 988 3978 .
1028 3967 1039 3978 .
1092 3940 1206 3976 non
1266 3923 1382 3976 sine
1441 3940 1645 3992 magno
1696 3923 1950 3976 ordinum
2005 3922 2396 3990 hominumque
2458 3921 2681 3978 dilectu.

446 3997 503 4057 3)
555 3995 730 4050 Ibid..·
766 3993 1004 4047 annam
1042 3995 1210 4048 ternis
1247 3994 1467 4048 ferculis
1506 3999 1618 4060 aut,
1657 4011 1783 4046 cum
1821 3994 2301 4061 abundantissime,
2345 3995 2487 4047 senis
2522 4010 2683 4062 prae-

445 4064 627 4119 bebat.
808 4068 863 4134 4)
918 4066 1057 4120 Ibid.
1107 4082 1147 4120 c.
1188 4068 1285 4120 74:
1336 4069 1393 4118 et
1430 4069 1523 4118 aut
1574 4068 1887 4118 acroamata
1924 4068 1979 4118 et
2028 4065 2318 4118 histriones
2356 4107 2368 4120 .
2410 4108 2421 4119 .
2463 4107 2474 4119 .
2514 4065 2682 4118 inter-

446 4137 699 4204 ponebat.
845 4136 899 4206 5)
936 4137 1079 4192 [bid.
1116 4152 1158 4188 c.
1185 4140 1279 4192 77:
1312 4135 1447 4189 Vini
1483 4152 1698 4203 quoque
1733 4139 1930 4190 natura
1963 4135 2309 4204 parcissimus
2347 4139 2480 4190 erat.
2555 4135 2682 4188 Non

448 4206 679 4274 amplius
728 4210 816 4260 ter
863 4207 1056 4261 bibere
1104 4224 1230 4260 eum
1281 4207 1503 4260 solitum
1557 4224 1724 4275 super
1777 4224 2003 4261 caenam
2056 4250 2069 4262 .
2123 4251 2135 4262 .
2190 4251 2201 4262 .
2253 4207 2440 4275 Nepos
2493 4205 2681 4262 tradit.

448 4279 503 4345 6)
558 4277 695 4332 Ibid.
747 4295 789 4332 c.
830 4281 927 4334 78:
977 4278 1111 4331 Post
1161 4278 1345 4332 cibum
1388 4277 1755 4331 meridianum
1805 4279 1881 4331 ita
1929 4284 1993 4331 ut
2040 4279 2269 4331 vestitus
2318 4278 2683 4346 calciatusque

448 4351 566 4401 erat
604 4390 617 4402 .
652 4391 663 4402 .
704 4391 717 4403 .
753 4349 1029 4417 paulisper
1066 4349 1501 4418 conquiescebat.
1648 4353 1701 4417 7)
1752 4351 1890 4404 Ibid.
1907 4369 1926 4401 .·
1962 4367 2072 4403 11011
2111 4349 2344 4418 amplius
2382 4391 2396 4406 .
2424 4393 2436 4405 .
2469 4391 2482 4408 .
2517 4366 2682 4430 quam

357 4441 411 4480 45
446 4421 656 4487 septem
692 4419 854 4472 horas
890 4418 1213 4490 dormiebat,
1264 4438 1328 4475 ac
1364 4438 1434 4474 ne
1470 4438 1561 4474 eas
1598 4421 1821 4488 quidem
1871 4421 2172 4489 continuas,
2224 4421 2320 4475 sed
2370 4424 2433 4474 ut
2482 4420 2540 4474 in
2587 4420 2681 4474 1110

446 4489 711 4558 temporis
748 4490 921 4558 spatio
959 4495 1045 4544 ter
1081 4497 1176 4545 aut
1211 4496 1406 4560 quater
1442 4493 1925 4562 expergisceretur.
