3221 5163
481 491 631 549 VIII
1053 487 1441 544 EINHARDI
1477 487 1669 542 VITA
1704 486 2003 542 KAROLI
2038 489 2118 544 M.

479 674 700 740 villam
776 671 1215 738 Michilinstat
1299 669 1681 736 monasterio
1754 671 2295 738 Laureshamensi
2384 673 2646 738 contulit
2664 673 2705 735 1.

481 763 722 829 Paucis
755 767 977 844 postea
1021 759 1217 826 annis
1275 781 1414 824 cum
1471 779 1669 824 uxore
1728 759 2061 824 consilium
2116 758 2289 841 iniit,
2349 768 2420 827 ut
2475 760 2710 840 fratris

481 859 541 918 et
581 851 822 917 sororis
864 869 1036 915 more
1079 849 1154 914 in
1199 855 1523 930 posterum
1565 847 1848 913 viverent
1863 850 1926 930 2,·
1982 851 2149 930 quod
2201 857 2413 916 tamen
2470 849 2709 916 amoris

479 939 801 1006 imminuti
858 938 1110 1021 siynum
1167 958 1299 1002 non
1355 937 1556 1016 fuisse
1614 959 1683 1002 eo
1743 939 2073 1020 probatur,
2142 941 2309 1020 quod
2364 940 2579 1004 Imma
2635 938 2711 1003 in

479 1027 702 1094 mariti
754 1028 933 1092 domo
990 1047 1184 1108 usque
1241 1028 1332 1092 ad
1387 1025 1620 1091 obitum
1676 1047 1859 1090 suum
1916 1035 2299 1094 commorata
2357 1034 2449 1093 est
2502 1029 2709 1093 rebus·
2745 1053 2773 1092 5

480 1138 596 1199 que
669 1116 805 1182 eius
885 1115 1171 1182 omnibus
1243 1121 1316 1180 ut
1402 1113 1590 1179 solita
1664 1121 1805 1180 erat
1879 1116 2191 1196 praefuit.
2326 1116 2710 1182 Einhardus

479 1226 624 1272 vero
669 1204 998 1271 basilicam
1056 1225 1187 1270 non
1245 1203 1529 1268 indecori
1587 1203 1795 1284 operis
1850 1202 1925 1269 in
1967 1205 2246 1288 praedio
2303 1226 2417 1271 suo
2461 1205 2710 1270 Mulin-

481 1294 646 1360 heim
663 1295 689 1334 3
733 1293 1141 1373 aedificavit4
1186 1299 1244 1358 et
1289 1313 1461 1358 anno
1509 1297 1659 1356 825.
1711 1292 2089 1358 Radleioum
2146 1295 2468 1360 notarium
2525 1315 2709 1359 suum

481 1382 790 1464 reliquias
846 1389 1210 1447 sanctorum
1271 1380 1641 1447 arcessitum
1684 1381 1957 1447 Romam
2014 1382 2193 1448 misit
2210 1384 2252 1446 ⁵.
2368 1385 2544 1465 Quae
2600 1382 2710 1446 vix

481 1493 666 1554 aeyre
731 1470 1132 1552 impetratae,
1204 1470 1400 1536 annis
1459 1475 1608 1534 826.
1676 1477 1735 1535 et
1791 1477 1940 1535 827.
2015 1471 2085 1536 in
2150 1471 2533 1537 monasterio
2598 1471 2710 1536 illo
2749 1497 2799 1535 ιο

481 1559 891 1641 Mulinheim,
954 1561 1122 1640 quod
1161 1558 1296 1624 iam
1343 1558 1769 1641 Seliyenstadt
1823 1559 2023 1642 audit,
2086 1567 2234 1626 sunt
2288 1559 2645 1626 reconditae
2663 1561 2707 1622 ⁶.

704 1647 859 1714 Oum
933 1647 1134 1730 iyitur
1204 1648 1375 1714 inter
1447 1649 1653 1712 doctos
1727 1649 1940 1714 clarus
1962 1650 1984 1687 ⁷
2056 1655 2116 1714 et
2193 1648 2711 1714 consiliariorum

481 1737 883 1820 imperatoris
942 1759 1080 1802 cum
1139 1736 1454 1802 Hildoino
1515 1739 1737 1802 abbate
1797 1738 1864 1802 S.
1914 1737 2225 1821 Dionysii
2284 1737 2480 1818 facile
2526 1737 2710 1819 prin-

480 1848 649 1908 ceps,
726 1825 911 1908 reyni
977 1825 1246 1908 neyotiis
1310 1846 1548 1907 mayna
1622 1846 1698 1890 ecc
1760 1833 1951 1907 parte
2012 1833 2363 1908 praeesset,
2440 1833 2499 1892 et
2572 1825 2714 1890 licet

479 1922 730 1981 statura
761 1935 1010 1999 parvus
1027 1915 1070 1996 ⁸,
1119 1913 1360 1997 Mayni
1404 1913 1736 1979 Einhardi
1780 1915 2034 1980 nomine
2090 1916 2372 1995 ferretur
2387 1917 2431 1997 ⁹,
2489 1914 2711 1997 yravis
2748 1939 2799 1978 15

480 2004 714 2069 sensim
760 2003 1112 2084 sensimque
1155 2023 1372 2068 rerum
1417 2002 1869 2084 palatinarum
1914 2003 2308 2069 commutatio
2352 2003 2708 2070 intervenit.

482 2093 732 2157 Karolo
793 2091 960 2157 enim
1015 2113 1217 2174 puero
1285 2112 1363 2156 ex
1420 2091 1714 2156 secundis
1770 2091 2173 2174 imperatoris
2228 2092 2473 2174 nuptiis
2538 2091 2707 2172 nat'o,

481 2188 672 2246 totum
715 2181 1018 2246 Iudithae
1075 2188 1134 2246 et
1189 2181 1272 2245 H
1273 2180 1565 2245 ludowici
1620 2180 1899 2245 studium
1954 2181 2031 2246 in
2088 2203 2157 2246 eo
2212 2183 2583 2262 vertebatur,
2643 2187 2713 2244 ut

470 2276 722 2352 partem
767 2269 827 2335 ei
883 2270 1068 2352 reyni
1121 2270 1292 2334 inter
1347 2268 1622 2350 reliquos
1678 2269 1851 2348 fiilios
1908 2270 2233 2336 distributi
2287 2269 2705 2335 vindicarent.

481 2359 572 2424 In
616 2378 735 2439 quo
781 2379 920 2424 cum
965 2358 1365 2440 aliquantum
1419 2357 1716 2442 temporis
1774 2359 2276 2441 consumsissent,
2337 2379 2408 2423 re
2448 2357 2711 2440 publica
2747 2383 2800 2421 20

479 2447 686 2530 mayis
743 2447 1070 2530 mayisque
1122 2448 1414 2530 neylecta,
1478 2447 1694 2512 omnia
1750 2447 1846 2511 ita
1894 2447 2300 2528 pessumdari
2358 2451 2707 2530 coeperunt,

481 2543 552 2602 ut
593 2535 976 2602 Einhardus
1021 2535 1334 2603 desiderio
1378 2534 1450 2601 in
1483 2534 1768 2617 praedia
1812 2557 1931 2601 sua
1974 2536 2299 2603 secedendi
2358 2542 2518 2602 totus
2574 2534 2711 2601 iam

480 2627 824 2708 repleretur
843 2626 916 2689 1⁰.
1032 2627 1170 2691 Nec
1235 2632 1444 2691 tamen
1511 2624 1951 2691 abstinendum
2017 2633 2224 2708 ratus,
2295 2624 2453 2708 quin
2519 2630 2709 2690 antea

485 2837 537 2905 1)
579 2836 776 2889 Chron.
811 2836 1077 2890 Lauresh.
1127 2837 1160 2890 Ζ.
1198 2837 1234 2889 Ζ.
1276 2852 1336 2901 p.
1375 2836 1495 2889 360.
1710 2836 1765 2901 2)
1799 2836 1969 2890 Einh.
2004 2839 2151 2902 epist.
2191 2837 2263 2887 ad
2298 2836 2515 2902 Lupum
2550 2834 2645 2902 (M
2646 2835 2709 2888 G

483 2908 659 2974 Epist.
692 2907 790 2970 VI,
825 2924 884 2974 p.
913 2910 1004 2967 9).
1043 2906 1175 2959 611111
1210 2904 1504 2958 fidissimae
1539 2905 1802 2975 coniugis,
1840 2905 1949 2958 iam
1985 2923 2131 2959 1111116
2170 2905 2477 2959 carissimae
2514 2906 2711 2957 sororis
2749 2920 2801 2961 25

483 2996 547 3031 ac
597 2978 790 3032 sociae.
876 2978 1258 3045 [Einhardum
1297 2977 1669 3044 presbyterum
1716 2984 2071 3031 consecratum
2119 2981 2339 3029 missam
2386 2979 2595 3044 leqisse,
2644 2992 2713 3027 ex

482 3050 624 3103 Hist.
675 3050 872 3103 transl.
923 3050 1032 3113 (II,
1069 3064 1110 3103 c.
1149 3051 1200 3115 9,
1239 3049 1333 3103 SS.
1371 3048 1504 3114 XV,
1548 3066 1610 3115 p.
1648 3050 1782 3115 251)
1832 3051 2011 3101 minus
2058 3055 2190 3102 recte
2230 3048 2391 3102 Pertz
2437 3050 2546 3101 sibi
2586 3064 2711 3115 per-

481 3122 670 3187 suasit,
721 3125 783 3171 ut
816 3120 971 3185 Jaffe'
999 3122 1218 3173 monuit.
1291 3120 1468 3187 Neque
1502 3121 1560 3171 id
1595 3120 1889 3184 confirmar
1888 3137 1915 3173 c
1953 3126 2125 3186 potest
2159 3122 2413 3173 narratio
2446 3120 2712 3185 fabulosa,

483 3208 618 3259 quae
653 3192 852 3257 lcyitur
885 3194 946 3243 in
981 3190 1232 3244 Historia
1281 3190 1657 3243 translationis
1704 3193 1991 3272 sanyuinis
2025 3192 2249 3243 Domini
2294 3208 2335 3244 c.
2374 3194 2425 3256 2,
2477 3192 2573 3245 SS.
2609 3191 2711 3255 IV,

476 3280 536 3329 p.
562 3264 686 3327 447,
722 3278 855 3329 quae
879 3262 1228 3315 Einhardum
1262 3263 1393 3313 dicit
1428 3261 1703 3329 clericum,
1740 3261 1799 3314 111
1836 3261 2088 3315 omnibus
2126 3278 2263 3329 quae
2287 3261 2369 3313 illi
2391 3259 2714 3314 injunxisset
2750 3276 2803 3315 30

483 3332 778 3398 (Karolus)
839 3332 1150 3385 ministeriis
1211 3332 1315 3385 sibi
1372 3348 1589 3401 semper
1648 3331 2036 3399 aptissimumJ.
2228 3335 2282 3401 3)
2334 3332 2475 3387 Hist
2516 3333 2711 3386 transl.

483 3405 557 3471 (I,
596 3421 637 3459 c.
678 3406 727 3470 1,
779 3404 872 3459 SS.
909 3404 1036 3469 XV,
1081 3422 1136 3471 p.
1173 3406 1321 3463 239).
1505 3403 1561 3473 4)
1614 3405 1728 3472 [De
1776 3405 1879 3456 hac
1916 3406 2240 3471 praesertim
2276 3404 2559 3457 Schneider
2593 3405 2712 3469 eyit,

487 3476 758 3527 ‘Annalen
807 3477 848 3539 f.
900 3476 1062 3529 Nass.
1113 3475 1363 3529 Altemh!
1406 3474 1545 3541 XII,
1587 3492 1647 3543 p.
1674 3478 1781 3531 290
1805 3492 1933 3543 sqq„
1984 3482 2031 3527 et
2076 3477 2139 3528 dc
2188 3476 2399 3528 ecclesia
2448 3480 2605 3526 antea
2654 3476 2713 3524 in

485 3546 845 3598 Michilinstat
881 3548 1183 3612 aedificata,
1219 3562 1354 3613 quae
1387 3548 1679 3599 etiamnum
1720 3550 1779 3599 in
1814 3546 2094 3600 Steinbach
2132 3552 2384 3613 superest,
2433 3548 2503 3599 ib.
2542 3544 2709 3609 XIII,

417 3630 422 3639 ·
477 3635 538 3684 p.
577 3620 646 3673 99
669 3618 827 3683 ε99.].
1007 3617 1060 3687 5)
1096 3618 1239 3672 Hist.
1276 3619 1467 3671 transl.
1649 3617 1701 3687 6)
1739 3618 1834 3673 SS.
1873 3618 1920 3683 Ι,
1962 3635 2022 3685 p.
2060 3619 2181 3673 216.
2218 3622 2341 3673 217.
2522 3616 2575 3684 7)
2630 3614 2711 3680 Cf.
2750 3628 2801 3669 35

490 3690 652 3740 Gesta
688 3688 801 3743 abb.
827 3688 1062 3743 Fontan.
1090 3690 1126 3740 Ζ.
1153 3690 1190 3741 Ζ.
1218 3705 1278 3756 p.
1305 3691 1440 3756 2933
1476 3688 1594 3755 (SS.
1621 3690 1687 3742 R.
1718 3689 1781 3743 G.
1811 3707 1872 3758 p.
1897 3691 2006 3756 50).
2112 3691 2169 3757 8)
2207 3689 2460 3757 [Alcuini
2492 3702 2713 3739 versus:

421 3806 424 3809 .
487 3756 614 3811 Non
655 3775 879 3827 spernas
914 3757 1181 3827 Nardum,
1230 3759 1420 3826 lector,
1470 3760 1529 3811 in
1579 3776 1810 3827 corpore
1858 3776 2107 3829 parvum.
2192 3759 2499 3823 Walatridi
2534 3758 2713 3824 prol:

487 3828 871 3882 homuneio—
887 3846 1015 3883 nam
1041 3833 1248 3883 statura
1271 3799 1615 3899 despicabilia
1637 3830 1972 3900 videbaturJ.
2082 3831 2135 3901 9)
2167 3831 2474 3895 Walafridi
2499 3844 2714 3881 carmen

486 3902 550 3953 de
584 3902 857 3954 Einharto
897 3917 1092 3968 mayno
1132 3902 1354 3968 (editum
1395 3902 1462 3953 ab
1498 3902 1564 3956 Ε.
1603 3902 1900 3967 Diimmler,
1936 3901 2124 3956 Poetae
2161 3902 2273 3955 Gar
2272 3902 2335 3959 ol,
2374 3901 2455 3968 II,
2492 3918 2550 3968 p.
2578 3902 2714 3955 377:

1189 3971 1287 4025 De
1333 3971 1690 4026 Einharto
1739 3990 2009 4041 magno,
2750 3986 2802 4025 4ο

805 4041 923 4096 Nee
959 4042 1138 4096 minor
1175 4045 1256 4096 est
1289 4042 1478 4112 mag-ni
1511 4043 1821 4097 reverentia
1855 4044 2026 4111 patris
2061 4041 2313 4096 habenda

805 4112 1068 4181 Beseleel,
1104 4113 1259 4167 fabre
1293 4114 1534 4183 primum
1570 4114 1666 4183 qui
1699 4114 1935 4184 percipit
1970 4131 2132 4168 6111116

807 4184 1104 4239 Artificum
1139 4188 1466 4253 praecautus
1503 4201 1657 4254 opus.
1730 4184 1823 4239 Sic
1859 4184 2093 4253 denique
2129 4200 2371 4237 summus

804 4255 932 4325 Ipse
968 4256 1153 4326 legens
1187 4254 1404 4309 infirma
1439 4255 1601 4324 Deus,
1640 4256 1715 4309 sie
1751 4255 1918 4309 fortia
1952 4255 2163 4311 temnit.

805 4326 1140 4396 Magnorum
1177 4328 1296 4396 quis
1331 4326 1477 4381 enim
1513 4327 1723 4408 maiora
1757 4330 2040 4409 receperat
2074 4342 2351 4393 umquam,
2750 4339 2803 4379 45

808 4396 987 4467 Quam
1021 4398 1237 4453 radiare
1271 4397 1427 4452 brevi
1460 4397 1696 4450 nimium
1732 4398 1998 4451 miramur
2032 4397 2277 4451 homullo
2292 4395 2364 4465 P).

491 4471 578 4537 10)
629 4470 772 4526 Hist.
809 4470 998 4524 transl.
1037 4470 1114 4537 (I,
1149 4486 1191 4527 c.
1231 4472 1278 4525 1.
1324 4470 1404 4537 II,
1443 4473 1608 4525 c.12.
1651 4472 1743 4533 14)
1780 4476 1826 4521 et
1861 4471 1935 4525 al.
