3221 5163
999 507 1389 563 EINHARDI
1423 507 1616 563 VITA
1652 506 1954 562 KAROLI
1989 507 2068 564 Μ.
2556 507 2645 563 IX

412 689 698 755 animum
765 689 1174 774 imperatoris
1241 694 1509 755 tentaret
1529 690 1570 770 1,
1641 689 1866 754 oblatis
1933 689 1994 754 ei
2060 711 2233 754 anno
2292 696 2443 756 828.
2518 691 2647 757 Ga-

413 777 633 844 brielis
677 779 1047 862 archanyeli
1089 778 1366 860 monitis,
1415 778 1739 843 duodecim
1797 777 2109 860 capitibus
2166 778 2643 862 comprehensis,

412 874 472 933 et
525 888 648 949 quo
707 867 880 946 facto
938 889 1094 950 opus
1150 874 1307 933 esset
1361 866 1693 947 indicavit,
1754 872 1814 932 et
1869 866 2237 933 seditionem
2294 867 2427 933 nisi
2484 868 2651 935 illud

411 956 790 1037 adimpleret
845 961 1212 1022 exorturam
1265 955 1661 1038 praedixit.
1618 957 1643 995 ²
1784 955 2162 1038 Imperator,
2234 956 2440 1022 libello
2500 979 2645 1057 per·

348 1067 376 1108 5
412 1045 562 1110 lecto
575 1095 594 1126 ,
665 1045 803 1110 alia
869 1045 1050 1127 fecit,
1120 1044 1258 1111 alia
1324 1044 1659 1144 neylexit.
1615 1045 1640 1084 ³
1772 1043 2059 1110 Biennio
2114 1051 2263 1126 post
2328 1067 2467 1112 cum
2532 1047 2646 1111 im-

401 1133 722 1214 peratoris
796 1136 951 1200 aula
1024 1133 1230 1217 mayis
1302 1132 1629 1216 mayisque
1702 1133 1778 1198 in
1838 1140 2063 1214 partes
2137 1135 2511 1217 traheretur,
2588 1141 2647 1200 et

410 1222 682 1288 Iuditha
738 1222 1200 1289 Bernhardum
1254 1221 1693 1306 Septimaniae
1750 1223 1968 1287 ducem
2026 1243 2235 1288 camer
2236 1223 2449 1288 arium
2509 1245 2645 1288 con-

411 1310 589 1376 stitui
625 1311 1049 1393 impetrasset
1059 1362 1078 1393 ,
1149 1318 1404 1377 econtra
1470 1310 1756 1391 filiorum
1824 1310 2019 1376 amici
2075 1312 2161 1376 Η
2160 1311 2505 1377 lotharium
2570 1312 2645 1378 in

408 1399 763 1465 subsidium
819 1407 1144 1482 vocarent,
1213 1399 1599 1465 Einhardus
1658 1401 1833 1481 apud
1888 1395 2275 1484 discipulum
2287 1397 2645 1483 “quondam

322 1512 376 1551 10
409 1509 610 1569 suum,
658 1510 738 1554 ne
780 1511 846 1554 se
891 1489 1077 1570 patri
1129 1495 1478 1571 opponeret,
1540 1488 1912 1570 diliyentius
1968 1488 2205 1554 institit
2217 1490 2262 1552 4.
2369 1490 2645 1555 Interim

408 1576 840 1643 Bernhardus
912 1578 1285 1644 auctoritate
1349 1599 1469 1642 sua
1535 1576 1633 1641 ita
1707 1579 1943 1643 abusus
2009 1584 2127 1659 est,
2204 1584 2276 1642 ut
2341 1581 2645 1644 adversae

399 1665 617 1749 partis
672 1666 1003 1749 principes
1057 1666 1182 1731 sibi
1249 1672 1527 1731 extrema
1573 1665 1792 1747 potius
1848 1667 2155 1731 tentanda
2214 1687 2405 1748 quam
2462 1667 2644 1733 illum

409 1754 650 1820 diutius
724 1756 1118 1820 tolerandum
1194 1761 1538 1838 putarent,·
1629 1761 1688 1820 et
1759 1754 1947 1820 initio
2034 1755 2201 1820 anni
2277 1761 2423 1820 830.
2504 1777 2644 1821 cum

407 1843 756 1925 imperator
811 1845 887 1908 in
942 1843 1339 1910 Britannica
1398 1842 1786 1925 expeditione
1850 1837 2346 1926 Compendium
2354 1844 2640 1927 venisset,

321 1953 372 1994 16
409 1932 686 1997 eoeercitu
743 1936 1019 2015 seducto,
1081 1932 1476 1999 rebellionem
1529 1932 1945 1998 concitarunt.
2061 1933 2195 2014 Quo
2252 1933 2477 1999 nuntio
2545 1955 2643 1999 ac-

409 2027 593 2103 cepto,
643 2020 1046 2104 Einhardus,
1107 2021 1220 2104 qui
1277 2021 1613 2087 Iuditham
1667 2020 2118 2104 Compendium
2158 2021 2353 2102 sequi
2410 2021 2639 2103 iussus,

407 2109 588 2174 valde
633 2118 924 2193 aeyrotus
980 2130 1176 2191 usque
1234 2110 1487 2176 Valenti
1489 2131 1656 2176 anas
1712 2116 1987 2191 venerat,
2046 2109 2431 2176 Gandavum
2482 2133 2643 2176 nave

407 2199 690 2281 recessit,
752 2205 812 2263 et
866 2220 1024 2264 novo
1080 2199 1216 2265 iam
1275 2219 1490 2263 rerum
1549 2198 1773 2264 ordine
1830 2199 2220 2281 imminente,
2282 2199 2643 2265 missionem

408 2288 488 2351 ab
561 2288 939 2368 imperatore
1017 2288 1266 2370 petiit.
1224 2288 1250 2328 ⁵
1414 2288 1554 2369 Qua
1644 2286 1984 2369 impetrata
1997 2339 2015 2370 ,
2107 2309 2316 2353 mense
2391 2289 2643 2353 Martio

319 2397 372 2436 20
408 2376 910 2442 Mulinheimum
953 2399 1020 2442 se
1063 2376 1311 2458 recepit.
1404 2377 1534 2442 Sed
1583 2397 1723 2440 cum
1782 2397 1915 2440 rem
1961 2376 2288 2458 publicam
2345 2377 2640 2456 factioni-

407 2466 521 2530 bus
577 2473 946 2546 quassatam
1003 2467 1078 2531 in
1136 2465 1392 2531 diversa
1456 2465 1562 2544 fer
1560 2465 1626 2529 ri
1682 2465 2091 2548 conspiceret,
2152 2487 2361 2530 mense
2418 2466 2643 2547 Aprili

407 2555 502 2619 vel
531 2553 722 2620 Maio
740 2555 765 2595 ⁶
795 2555 878 2620 H
878 2554 1142 2621 lotharii
1185 2554 1588 2636 imperatoris
1633 2575 1711 2620 ecc
1739 2553 1946 2622 Italia
1988 2553 2240 2621 reducis
2264 2554 2641 2656 colloquium

407 2643 734 2727 expetiit,
682 2646 742 2683 ⁷·
799 2651 858 2709 et
899 2651 1124 2727 postea
1182 2651 1548 2710 conventum
1604 2644 1787 2709 illum
1845 2665 2146 2727 maynum
2157 2695 2176 2726 ,
2249 2644 2321 2709 in
2378 2665 2499 2726 quo
2566 2645 2641 2709 in

408 2732 595 2798 totius
661 2733 845 2816 reyni
911 2741 1140 2799 statum
1207 2732 1660 2815 inquirendum
1726 2739 1912 2815 esset,
1985 2732 2169 2798 adire
2234 2733 2362 2798 sibi
2414 2754 2641 2816 propo·

318 2842 370 2881 25
406 2822 535 2887 suit
551 2823 595 2886 ⁸.
719 2822 844 2904 Qui
910 2845 1050 2888 cum
1109 2821 1433 2888 Kalendis
1500 2821 1875 2903 Octobribus,
1928 2821 2312 2904 Noviomayi
2378 2823 2640 2887 celebra-

406 2918 599 2992 retur,
647 2911 730 2975 H
729 2911 1042 2976 lotharius
1099 2910 1327 2976 amicis
1383 2910 1909 2976 intercedentibus
1954 2910 2140 2993 patri
2197 2910 2641 2976 reconciliatus

405 3006 512 3063 est.
633 2999 763 3065 Ubi
831 3006 888 3064 et
943 2999 1358 3065 Einhardum
1415 3006 1702 3065 nostrum
1758 3000 2007 3083 fidelem
2064 3020 2318 3081 operam
2376 3000 2638 3082 dedisse,

406 3108 474 3151 eo
518 3087 727 3170 maqis
769 3094 841 3152 ut
884 3090 1213 3154 credamus
1256 3088 1641 3169 inducimur,
1684 3089 1851 3170 quod
1892 3088 2334 3171 imperatorem
2364 3095 2598 3154 aestate
2615 3090 2641 3127 ⁹

407 3176 571 3241 anni
619 3182 699 3241 83
707 3182 765 3258 6,
815 3199 954 3242 cum
997 3178 1256 3243 unicum
1299 3176 1432 3242 iam
1477 3177 1811 3243 consilium
1863 3178 1939 3243 de
1981 3178 2067 3242 Η
2066 3177 2339 3243 lothario
2396 3177 2639 3243 sincere

319 3285 370 3324 so
405 3264 532 3329 sibi
587 3265 866 3331 uniendo
923 3267 1225 3349 aqitaret,
1297 3266 1570 3331 amicum
1639 3287 1823 3330 suum
1885 3267 2157 3331 vetulum
2217 3265 2639 3348 Seliqenstadi

403 3355 571 3419 ultro
615 3353 906 3420 visitasse
951 3355 1214 3438 leqimus
1234 3355 1305 3418 1⁰.

617 3442 959 3525 Reliquum
1015 3444 1201 3525 vitae,
1267 3443 1583 3526 reliyioni,
1648 3442 1893 3525 litteris,
1955 3442 2181 3509 amicis
2239 3444 2503 3525 deditus,
2566 3442 2639 3508 in

403 3532 690 3599 maxima
735 3532 919 3615 reyni
949 3532 1432 3615 perturbatione
1463 3554 1589 3615 per
1633 3531 1896 3614 quietem
1942 3531 2066 3614 eqit
2084 3531 2155 3597 11.
2251 3533 2388 3598 Nec
2435 3538 2639 3598 aucto-

408 3706 460 3776 1)
513 3706 688 3760 Paulo
723 3713 885 3760 antea
933 3708 1192 3772 offensam
1241 3709 1586 3775 imperatoris
1635 3707 1930 3759 incurrisse
1976 3707 2218 3772 videtum
2264 3707 2451 3758 scribit
2497 3707 2639 3758 enim

319 3791 370 3831 35
409 3778 703 3831 aco-wardo
726 3780 929 3847 palatii
953 3778 1343 3831 bibliothecario
1375 3794 1452 3846 ep,
1477 3781 1595 3845 (52,
1620 3778 1689 3829 M
1688 3778 1752 3833 G.
1779 3778 1953 3845 Epist.
1991 3777 2053 3842 V,
2076 3794 2129 3843 p.
2158 3779 2289 3837 135)
2320 3792 2378 3829 se
2401 3778 2636 3843 Seliyen-

402 3849 550 3902 stadi
581 3852 874 3901 immorari
903 3852 1128 3914 iussum,
1167 3856 1213 3902 et
1247 3855 1438 3916 septem
1471 3850 1678 3901 diemm
1717 3849 2012 3901 absentiam
2046 3849 2153 3901 sibi
2174 3848 2455 3915 poenalem
2489 3851 2641 3913 futu-

404 3937 545 3975 ram.
618 3921 870 3989 Epistola
917 3936 980 3972 ea
1029 3923 1260 3972 amicum
1308 3936 1466 3973 suum
1515 3921 1576 3971 de
1612 3922 1830 3973 monitis
1870 3919 2137 3971 Gabrielis
2172 3921 2492 3987 imperatori
2522 3925 2637 3971 tra-

403 3992 590 4044 dendis
637 3993 877 4047 consulit.
1056 3992 1112 4056 2)
1161 3991 1307 4045 Hist.
1355 3993 1551 4046 transl.
1603 3991 1706 4059 (II,
1756 4006 1799 4046 c.
1838 3992 1931 4054 13)
1942 4008 1961 4051 ,·
2008 3991 2153 4044 Ann.
2205 3990 2369 4044 Fuld.
2424 4007 2474 4045 a.
2511 3992 2637 4045 874.

404 4064 460 4129 3)
514 4063 656 4117 Hist.
693 4064 887 4119 transl.
924 4065 962 4118 l.
1001 4064 1036 4118 l.
1198 4062 1254 4133 4)
1307 4063 1414 4131 Ep.
1460 4062 1617 4129 (Ma.
1655 4063 1828 4131 Epist.
1867 4062 1941 4128 V)
1988 4065 2072 4117 11.
2231 4063 2287 4129 5)
2342 4061 2446 4129 Ep.
2483 4061 2636 4127 (Ma.

316 4148 369 4187 40
404 4134 578 4200 Epi-vt.
616 4134 683 4201 V)
722 4137 804 4191 10.
846 4138 929 4190 13.
969 4136 1052 4189 14.
1093 4137 1176 4190 15.
1220 4134 1538 4202 [Hucusque
1585 4139 1720 4185 certe
1752 4134 1971 4185 hiemem
2005 4135 2065 4184 in
2100 4135 2447 4198 imperatoris
2480 4134 2638 4184 comi-

404 4209 522 4255 tatu
557 4208 858 4271 transi-qen
892 4210 1251 4270 consueverat,
1287 4210 1348 4256 ut
1383 4204 1509 4256 dicit
1545 4204 1689 4259 Hist.
1726 4205 1919 4259 transl.
1956 4203 2069 4271 (II,
2106 4218 2149 4257 c.
2178 4204 2302 4270 11).·
2338 4202 2637 4255 secundum

406 4275 852 4329 consuetudinem
905 4277 963 4329 in
997 4276 1203 4344 palutio
1240 4275 1596 4343 hiematurus,
1646 4276 1820 4342 ibique
1867 4292 1918 4329 a.
1955 4277 2078 4331 829.
2129 4275 2312 4327 morbo
2360 4275 2640 4341 depressus

403 4347 615 4414 iacuitJ.
759 4349 814 4414 6)
855 4349 1004 4403 Ann.
1029 4348 1236 4402 Bertin.
1275 4363 1327 4399 a.
1352 4349 1476 4403 830.
1623 4348 1677 4413 ’7)
1719 4346 1824 4413 Ep.
1853 4347 1939 4411 16,
1973 4348 2041 4411 cf.
2078 4348 2164 4401 25.
2308 4344 2365 4414 8)
2417 4345 2522 4412 Ep.
2553 4347 2635 4400 17.

406 4416 461 4486 9)
510 4417 713 4485 [Immo
761 4426 1050 4477 autumno5
1097 4434 1143 4473 v.
1181 4418 1412 4484 Simon,
1463 4418 1682 4473 ‘Jahrb.
1726 4418 1957 4484 Ludwiy
2004 4418 2055 4471 d.
2107 4415 2230 4470 Fr)
2266 4416 2345 4483 II,
2386 4434 2445 4484 p.
2487 4416 2635 4483 160].

317 4502 369 4542 45
406 4489 495 4555 10)
536 4490 682 4543 Ann.
719 4488 880 4544 Γαῖα.
917 4505 968 4543 a.
1006 4491 1128 4545 836.
1275 4488 1364 4559 11)
1404 4489 1507 4557 Ep.
1545 4492 1633 4545 35.
1670 4490 1789 4541 init.
