3221 5163
531 534 570 586 4
1121 529 1508 584 EINHARDI
1543 528 1737 584 VITA
1773 527 2074 584 KAROLI
2110 528 2191 584 M.

486 747 491 752 ·
536 714 879 797 oppressit
937 717 1010 778 et
1073 713 1526 779 Sarracenosa
1589 711 1892 777 Galliam
1957 733 2292 797 occupare
2351 716 2773 796 temptantes

537 803 806 867 duobus
867 803 1135 886 magnis
1195 802 1493 886 proeliiS,
1555 823 1695 866 uno
1755 803 1829 865 in
1874 803 2255 884 Aquitania
2315 803 2499 886 apud
2556 803 2774 866 Picta-

536 884 765 955 viumb
823 892 1175 956 civitatem
1197 892 1238 968 1,
1305 891 1526 956 altero
1574 891 1771 955 iuxta
1816 891 1881 954 N
1885 892 2211 955 arbonam
2275 893 2459 975 apud
2506 887 2798 954 Birram'

535 981 823 1044 fluvium
845 981 886 1057 ²,
948 981 1051 1044 ita
1097 981 1371 1058 devicit,
1431 983 1514 1043 ut
1571 979 1648 1042 in
1694 980 2107 1064 Hispaniam
2168 1001 2282 1044 eos
2340 981 2563 1044 redire
2626 1001 2775 1043 con-

538 1069 859 1153 pelleret,
932 1070 1224 1134 eundem
1295 1070 1780 1153 magistratum
1858 1090 1899 1133 a
1967 1072 2163 1153 patre
2232 1065 2575 1154 Pippino*
2644 1069 2773 1133 sibi
2813 1093 2839 1133 ε

539 1158 896 1222 dimissum
944 1159 1217 1241 egregie
1266 1159 1798 1223 administravit.
1894 1157 2029 1236 Qui
2074 1159 2295 1228 honor
2340 1179 2481 1222 non
2534 1157 2689 1222 aliis
2736 1179 2777 1222 a

372 1252 426 1275 ‘·
537 1247 793 1331 populo
865 1247 1015 1310 dari
1084 1251 1531 1311 consueverat
1607 1268 1809 1329 quam
1890 1247 2037 1310 his⁰
2116 1248 2235 1329 qui
2312 1249 2383 1311 et
2460 1247 2775 1312 claritate

395 1433 516 1486 741.

401 1965 520 2018 747.

404 3389 522 3441 751.

537 1336 807 1418 generis
855 1339 925 1400 et
971 1356 1179 1418 opum
1227 1336 1687 1419 amplitudine
1735 1336 1981 1400 ceteris
2029 1335 2443 1400 eminebant.

754 1425 960 1489 Hunc
977 1420 1040 1454 **
1088 1446 1243 1489 cum
1288 1425 1646 1509 Pippinus,
1704 1428 1902 1508 pater
1947 1424 2192 1488 Karoli
2251 1426 2451 1507 regis,
2516 1425 2600 1489 ab
2651 1445 2775 1488 avo

539 1517 611 1577 et
678 1518 874 1597 patre
945 1512 1077 1578 sibi
1147 1517 1218 1577 et
1277 1515 1482 1577 fratri
1541 1513 2015 1577 Karlomanno
2083 1513 2438 1590 relictum,
2510 1534 2776 1576 summa
2816 1535 2868 1574 ιο

540 1623 693 1666 cum
767 1622 846 1666 eo
916 1602 1284 1667 concordia
1349 1602 1678 1679 divisum,
1742 1597 2049 1685 aliquot‘1
2104 1603 2301 1666 annis
2360 1602 2591 1665 velut⁰
2650 1603 2774 1665 sub

538 1711 700 1775 rege
761 1694 1137 1756 memorato
1200 1693 1571 1764 tenuisset,
1633 1692 1854 1756 frater
1914 1691 2060 1755 eius
2121 1690 2631 1754 Karlomannus
2690 1725 2775 1733 ——

538 1781 881 1844 incertum
927 1780 1176 1863 quibus
1238 1781 1322 1845 de
1383 1781 1625 1857 causis,
1686 1783 1923 1844 tamen
1968 1780 2243 1844 videtur
2304 1779 2485 1862 quod
2547 1800 2775 1843 amore

542 1869 1078 1934 conversationis
1156 1869 1735 1952 contemplativae
1822 1888 2187 1934 succensus
2278 1903 2398 1947 —,
2493 1888 2779 1951 operosa

540 1957 943 2040 temporalis
995 1959 1193 2041 regni
1254 1957 1851 2022 administratione
1898 1959 2160 2034 relicta,
2222 1958 2511 2022 Romam
2573 1977 2642 2021 se
2704 1957 2775 2020 in
2816 1976 2869 2016 15

544 2039 806 2109 otiumf
883 2047 1212 2124 contulit,
1297 2047 1531 2129 ibique
1610 2047 1855 2110 habitu
1932 2049 2324 2130 permutato
2401 2047 2777 2110 monachus

541 2135 805 2210 factm,
876 2135 951 2198 in
1020 2139 1253 2200 monte
1314 2135 1641 2200 Soracteg
1700 2135 1884 2219 apud
1946 2127 2347 2200 ecclesiamh
2407 2135 2595 2198 beati
2655 2134 2777 2198 Sil-

541 2224 755 2288 vestri
803 2227 1197 2288 constructo
1245 2225 1661 2289 monasterio
1683 2225 1725 2303 3,
1790 2246 1945 2289 cum
2000 2223 2336 2296 fratribus
2398 2243 2628 2286 secum
2690 2225 2775 2286 ad

543 2314 672 2376 hoc
727 2313 1164 2377 venientibus
1225 2307 1379 2397 peri
1442 2312 1709 2395 aliquot
1769 2333 1981 2376 annos
2042 2309 2283 2396 op‘tata
2342 2313 2574 2395 quiete
2635 2333 2778 2395 per-

542 2401 820 2464 fruitur.
915 2400 1049 2467 Sed
1106 2423 1261 2466 cum
1324 2423 1406 2466 ex
1452 2403 1746 2466 Francia
1806 2401 2011 2464 multi
2068 2401 2407 2465 nobilium
2470 2402 2556 2465 ob
2617 2405 2779 2465 vota
2816 2421 2869 2460 20

543 2491 871 2554 solvenda
899 2491 1188 2554 Romam
1235 2491 1711 2574 sollempniter
1757 2493 2219 2554 commearent
2266 2493 2336 2553 et
2384 2511 2541 2554 eum
2585 2490 2779 2554 velut

544 2580 894 2643 dominum
946 2580 1292 2663 quondam
1338 2602 1536 2644 suum
1585 2580 1960 2664 praeterire
2007 2578 2295 2657 nollent,
2345 2579 2584 2657 otium,
2642 2601 2776 2662 quo

544 2670 834 2733 maxime
882 2669 1378 2744 delectabatur,
1431 2671 1670 2734 crebra
1715 2670 2134 2733 salutatione
2174 2668 2773 2752 interrumpentes¹

543 2758 773 2822 locum
820 2761 1088 2824 mutare
1136 2758 1562 2842 conpellunt.
1655 2759 1719 2821 N
1726 2753 1880 2822 amk
1932 2757 2408 2821 huiuscemodi
2466 2758 2777 2840 frequen-

543 2847 712 2909 tiam
763 2868 916 2910 cum
966 2868 1088 2911 suo
1135 2849 1487 2931 proposito
1549 2848 1825 2912 officere
1873 2848 2175 2923 vidisset,
2239 2846 2483 2911 relicto
2543 2850 2777 2911 monte
2814 2864 2867 2904 25

542 2936 616 2998 in
678 2936 1032 2999 Samnium
1095 2936 1509 3020 provintiam
1575 2936 1663 2999 ad
1726 2937 2216 3001 monasterium
2288 2936 2508 2998 sancti
2569 2935 2779 2999 Bene-

544 3025 715 3088 dicti
793 3025 1003 3088 situm
1078 3025 1151 3087 in
1236 3029 1460 3089 castro
1544 3018 1830 3088 Casinol
1914 3025 2192 3090 secessit
2275 3028 2346 3088 et
2421 3025 2519 3088 ibi
2594 3025 2779 3107 quod

543 3114 886 3196 reliquum
965 3117 1113 3177 erat
1189 3113 1589 3197 temporalis
1658 3114 1841 3178 vitae
1917 3113 2235 3197 religiose
2313 3113 2776 3177 conversando

545 3202 912 3285 conplevit.

760 3286 920 3352 3.***
1013 3290 1348 3374 Pippinus
1425 3295 1656 3355 autem
1735 3311 1856 3374 per
1932 3291 2417 3373 auctoritatem
2486 3290 2779 3353 Romani
2817 3308 2869 3346 30

545 3379 892 3464 pontificis
939 3400 1021 3443 ex
1069 3379 1420 3463 praefecto
1469 3379 1714 3463 palatii
1759 3400 1879 3443 rex
1926 3379 2413 3456 constitutusm‚
2464 3400 2619 3443 cum
2658 3398 2779 3461 per

771 3550 824 3621 *)
867 3552 948 3606 Gt.
1006 3554 1112 3606 cod.
1169 3553 1280 3605 Sa:
1339 3549 1447 3619 Qui
1507 3568 1633 3604 cum
1692 3551 1921 3604 haberet
1980 3567 2210 3604 uxorem
2268 3549 2647 3617 Plectrudem‚
2712 3564 2778 3600 ex

862 3622 1038 3689 pelice
1075 3622 1314 3691 Alpaide
1349 3622 1542 3691 genuit
1579 3621 1812 3675 eundem
1849 3620 2121 3674 Karolum
2157 3620 2425 3674 Tudetem
2464 3621 2686 3675 dictum.

737 3692 822 3762 **)
861 3694 1004 3746 Wal.
1041 3710 1082 3749 o.
1121 3698 1185 3749 3:
1224 3694 1306 3747 De
1343 3692 1542 3762 Pipino
1581 3696 1637 3745 et
1677 3692 2105 3757 KarolomannO,
2141 3691 2267 3745 filiis
2304 3693 2433 3748 eiua.

701 3763 820 3833 ***)
859 3765 998 3819 Wal.
1036 3781 1076 3819 c.
1102 3768 1168 3820 4:
1207 3762 1494 3833 Quomodo
1527 3767 1655 3831 post
1679 3762 2024 3817 Hildericum
2050 3761 2277 3832 Pipinus
2305 3779 2405 3815 rex
2429 3761 2778 3815 constituitur
2814 3775 2867 3816 35

861 3837 918 3888 et
953 3834 1216 3903 quamdiu
1251 3835 1518 3904 regnavit,
1571 3837 1629 3888 et
1679 3834 1748 3887 de
1799 3839 1979 3887 morte
2028 3834 2143 3887 eius
2194 3852 2257 3888 ac
2308 3833 2571 3887 divisione
2620 3832 2778 3903 regni

863 3906 1006 3959 inter
1041 3906 1312 3959 Karolum
1351 3905 1620 3977 Magnum
1658 3909 1715 3959 et
1750 3904 2245 3972 Karolomannum,
2281 3904 2423 3958 filios
2462 3905 2591 3959 eius.

543 4085 586 4132 a)
623 4083 872 4124 saracenos
898 4086 1026 4124 AL·
1132 4085 1178 4135 b)
1215 4084 1452 4123 pictavum
1483 4084 1524 4122 A
1544 4084 1609 4124 ει.
1641 4084 1681 4124 3.
1713 4084 1787 4133 3η
1825 4084 2091 4123 Pectavium
2118 4084 2159 4122 Β
2178 4085 2217 4123 1.
2250 4084 2341 4123 01.
2478 4084 2521 4131 ο)
2558 4075 2642 4123 cmi.
2685 4083 2775 4122 σε.

543 4137 588 4188 d)
618 4137 798 4185 aliquod
826 4138 914 4188 02,
945 4149 1058 4177 corr.
1091 4138 1262 4186 aliquot
1290 4136 1330 4175 A
1349 4138 1387 4187 1,
1418 4141 1457 4176 et
1484 4138 1687 4176 similiter
1712 4138 1821 4177 alibi
1848 4137 1977 4176 ceiam
2002 4138 2098 4176 alii.
2222 4137 2263 4188 e)
2292 4148 2375 4177 om.
2404 4137 2515 4179 Ai..
2620 4137 2655 4188 s)
2683 4148 2776 4175 mo-

542 4191 787 4230 nasterium
812 4191 907 4232 A5.
1046 4191 1088 4243 g)
1127 4192 1310 4229 sai-acte
1336 4192 1521 4229 secunda
1551 4201 1683 4229 manu
1711 4191 1813 4241 Α1;
1854 4190 2047 4249 syrapte
2077 4190 2169 4229 ΒΞ.
2306 4190 2353 4241 h)
2391 4192 2657 4230 aecclesiam
2692 4191 2734 4228 Δ
2752 4192 2774 4228 1
2814 4191 2868 4258 49
2906 4160 2911 4165 ι

534 4243 802 4293 plerumque.
911 4243 944 4295 i)
973 4255 1057 4283 om.
1090 4245 1183 4284 Bl.
1302 4242 1350 4294 k)
1379 4244 1578 4292 Cumque
1605 4244 1653 4286 h.
1682 4244 1715 4283 s.
1746 4255 1826 4283 suo
1854 4244 1948 4285 Al.
2064 4244 2097 4294 1)
2124 4244 2190 4281 ita
2216 4244 2309 4285 Bl.
2338 4244 2436 4293 013
2468 4244 2630 4284 Casino
2662 4254 2775 4283 corr.

543 4296 729 4337 cassino
756 4298 797 4336 A
813 4297 864 4347 ὃς
893 4296 1080 4337 cassino
1108 4298 1204 4340 AL
1231 4298 1269 4340 Β.
1298 4297 1362 4336 2⁸.
1395 4298 1429 4335 Ο
1438 4298 1479 4337 2.
1605 4297 1668 4349 m)
1698 4298 1998 4337 constituitur.
2047 4296 2247 4345 Cumque
2274 4308 2356 4346 per
2383 4298 2424 4336 A
2440 4299 2479 4337 1.

546 4438 597 4505 l)
643 4440 712 4493 A.
752 4441 872 4495 732.
1018 4438 1077 4509 2)
1123 4441 1194 4499 A,
1232 4441 1354 4494 737.
1498 4440 1555 4505 3)
1599 4439 1714 4506 [De
1749 4454 1851 4505 quo
1884 4438 2189 4491 Zacharias
2216 4456 2369 4508 papa
2404 4440 2779 4493 Karlomamw

532 4512 884 4577 privilegium
921 4511 1096 4574 dodim
1131 4507 1176 4566 vl
1220 4510 1339 4566 Coa.
1381 4510 1557 4566 Oarol.
1595 4512 1683 4576 23,
1722 4510 1852 4567 ΜΘ.
1891 4510 2069 4577 Epist.
2108 4510 2220 4578 ΙΙΙ,
2248 4528 2309 4577 p.
2337 4512 2491 4577 527J.
