3221 5163
569 541 680 597 XX
1145 537 1532 594 EINHARDI
1565 537 1759 594 VITA
1794 535 2092 592 KAROLI
2128 535 2206 594 M.

569 724 766 791 Pauli
812 723 1111 790 Historia
1155 723 1727 805 Lanyobardorum
1774 717 1884 801 (cf.
1926 719 2207 786 ‘Archiv'
2243 721 2419 799 XII,
2457 742 2526 802 p.
2564 727 2598 786 7
2607 719 2787 804 201).

579 814 736 880 Oum
762 813 831 878 Β
864 811 928 877 1*
958 835 1140 894 saepe
1177 811 1476 878 convenit.
1554 810 1667 874 Ex
1694 810 1761 875 Β
1786 817 1823 874 2
1862 811 1956 875 vel
1990 810 2171 874 valde
2206 809 2406 874 simili
2442 809 2792 895 eaemplari

554 906 836 985 pendent
903 923 1092 984 quam
1145 903 1367 984 plures
1434 900 1673 965 codices
1738 899 1848 981 qui
1905 899 1980 963 in
2037 898 2441 964 monasteriis
2485 898 2791 964 Austriae

572 990 913 1056 Zwetlensi
958 997 1016 1056 et
1066 989 1778 1071 Claustroneoburyensi
1822 995 2158 1054 servantur
2200 989 2294 1052 vel
2338 1009 2415 1052 esc
2462 988 2613 1053 aliis
2656 987 2791 1053 eius

568 1080 846 1162 reqionis
903 1079 977 1144 in
1035 1079 1462 1145 bibliothecam
1522 1078 2057 1144 Vindobonensem
2105 1077 2515 1142 transierunt.
2610 1078 2791 1142 Inter
2827 1103 2852 1141 5

112 1317 134 1361 ἱ
165 1297 176 1308 .
395 1201 456 1350 ‘f‘
493 1252 549 1347 s
569 1190 722 1250 quw
766 1175 953 1340 ega&
1001 1257 1096 1322 Vi
1120 1280 1162 1323 n
1188 1259 1290 1322 do
1313 1257 1348 1320 b
1373 1278 1408 1320 o
1431 1279 1478 1322 n
1500 1278 1600 1356 eon
1624 1255 1760 1320 sis
1804 1277 1907 1320 nr.
1957 1261 2083 1354 519
2134 1251 2341 1332 (Hist.
2377 1257 2554 1355 prof.
2605 1254 2786 1336 654),

261 1391 292 1459 ss
344 1350 500 1438 ,μ’μ’
566 1368 726 1412 saec.
764 1348 851 1427 X,
900 1347 1272 1426 referendus
1315 1367 1444 1410 esse
1487 1346 1752 1425 videtur,
1808 1365 2094 1426 quamvis
2138 1368 2182 1409 a
2227 1345 2444 1409 Pertio
2489 1344 2679 1410 classi
2722 1345 2788 1410 A

282 1450 289 1460 ’
365 1439 375 1474 ’·
455 1442 464 1457 ’
567 1436 927 1517 adscriptus
976 1432 1107 1514 (nr.
1143 1434 1238 1517 4),
1287 1441 1343 1499 et
1387 1433 1650 1498 nonnisi
1680 1432 1844 1513 folia
1874 1433 2185 1499 nonnulla
2216 1433 2457 1498 amissa
2486 1455 2563 1498 ea
2592 1434 2788 1498 altero

489 1546 496 1579 z
566 1524 790 1590 classis
832 1524 901 1588 B
957 1546 1118 1590 saec.
1171 1524 1392 1589 XIII.
1442 1523 1725 1604 suppleta
1792 1524 2152 1587 credantur.
2248 1523 2376 1587 Sed
2438 1521 2630 1586 etiam
2696 1543 2787 1586 ve·
2830 1549 2877 1586 10

202 1671 224 1688 .-
566 1619 766 1678 tustae
811 1614 1115 1695 playulae
1174 1635 1314 1678 cum
1357 1611 1484 1676 Bl
1544 1610 1932 1696 praesertim
2000 1611 2374 1676 conveniunt
2386 1633 2413 1692 ,·
2462 1610 2787 1692 praefatio

197 1699 228 1794 ’ὃ
247 1708 404 1786 (χ”ἓκ
494 1704 504 1781 ,1
565 1703 730 1766 deest
749 1704 791 1765 2.
868 1700 1039 1782 Ideo,
1087 1702 1204 1767 etsi
1249 1700 1590 1766 Gerwardi
1636 1721 1852 1764 versus
1896 1699 2147 1779 frustra
2190 1700 2294 1764 hic
2338 1720 2627 1781 quaeras,
2675 1700 2788 1764 hoc

361 1844 390 1883 Ι.
477 1784 501 1904 (¹
550 1790 958 1874 potissimum
1003 1792 1133 1856 loco
1170 1812 1308 1855 eum
1342 1791 1707 1871 ponendum
1753 1788 1926 1852 duxi.
2015 1788 2197 1853 Vitae
2228 1789 2467 1853 Karoli
2498 1788 2788 1853 Annales

467 1903 480 1951 ς
564 1879 907 1944 Einhardo
965 1878 1272 1963 adscripti
1329 1878 1728 1944 subiciuntur
1790 1875 1871 1958 (v.
1922 1879 2041 1943 SS.
2092 1879 2151 1957 I,
2187 1900 2258 1959 p.
2300 1885 2415 1942 131
2414 1879 2474 1960 ),
2534 1883 2787 1958 uterque

563 1967 721 2032 liber
765 1990 1001 2051 mayna
1045 1967 1379 2050 diliyentia
1423 1971 1743 2045 exaratus,
1805 1967 1901 2032 ita
1956 1973 2028 2031 ut
2084 1967 2232 2031 hwic
2278 1966 2477 2032 codici
2520 1966 2595 2031 in
2639 1965 2787 2030 Vita
2825 1991 2875 2029 15

475 2055 505 2122 Ἃ.
565 2057 806 2121 Karoli
850 2059 1094 2122 edenda
1137 2079 1268 2122 non
1313 2079 1450 2121 eam
1495 2077 1658 2138 quae
1688 2077 1827 2139 par
1856 2063 1994 2120 erat
2024 2055 2458 2121 auctoritatem
2490 2055 2786 2120 tributam

522 2145 692 2210 *esse
737 2145 998 2211 doleam.

775 2235 1080 2300 Eiusdem
1157 2234 1379 2300 classis
1454 2234 1661 2300 codice
1736 2233 1925 2299 etiam
1987 2233 2371 2298 Benedictus
2444 2234 2789 2298 monachus

563 2323 630 2387 S.
664 2323 967 2388 Andreae
1011 2345 1164 2388 usus
1208 2331 1313 2404 est,
1362 2345 1501 2389 cum
1547 2345 1707 2388 saec.
1747 2323 1836 2387 X.
1876 2322 2217 2388 chronicon
2254 2325 2557 2403 conderet,
2608 2322 2788 2387 cuius

560 2412 995 2494 autoyraphon
1039 2412 1112 2476 in
1157 2412 1523 2478 bibliotheca
1563 2411 1893 2494 Chiyiana
1930 2412 2170 2476 Romae
2215 2414 2590 2476 adservatur
2631 2407 2783 2490 (SS.
2824 2435 2877 2475 20

562 2500 710 2580 III,
749 2523 818 2583 p.
855 2500 2510 2584 695).

773 2592 968 2657 Hanc
1028 2591 1212 2657 Vitae
1267 2590 1600 2661 editionem
1660 2612 1729 2655 eo
1774 2598 2041 2673 tempore
2095 2611 2219 2671 per
2272 2590 2575 2670 Galliam,
2634 2590 2786 2655 Ger-

561 2680 849 2745 maniam
893 2688 952 2745 et
996 2680 1264 2745 Italiam
1311 2702 1440 2745 esse
1471 2688 1900 2761 propayatam
1944 2679 2181 2744 codices
2224 2680 2358 2743 iam
2402 2678 2585 2744 allati
2629 2678 2788 2744 satis

550 2770 848 2849 probant.
926 2770 1220 2833 Eandem
1257 2792 1298 2833 a
1343 2768 1715 2848 Walafrido
1748 2770 2057 2834 Strabone
2090 2768 2500 2851 praefatione
2536 2774 2785 2833 auctam

383 2888 514 2975 s
561 2864 619 2920 et
662 2856 735 2921 in
782 2858 992 2939 capita
1038 2879 1168 2923 esse
1213 2857 1574 2922 distinctam
1600 2879 1820 2939 ,supra
1864 2856 2021 2922 diaei.
2102 2856 2299 2923 Cuius
2343 2858 2589 2937 formae
2634 2878 2784 2923 non·
2822 2879 2874 2917 25

561 2944 692 3010 nisi
738 2946 1128 3030 exemplaria
1173 2946 1443 3031 sacan
1457 2946 1530 3010 V.
1577 2953 1849 3012 eaarata
1884 2953 2221 3027 supersunt
2248 2946 2315 3010 Β
2340 2946 2411 3027 4)
2458 2945 2531 3011 in
2577 2945 2787 3011 biblio-

559 3034 736 3099 theca
780 3035 1219 3100 universitatis
1253 3030 1342 3099 H
1342 3034 1775 3100 aoniensis
1819 3035 1989 3100 inter
2017 3036 2185 3100 Arn.
2219 3036 2450 3118 Mayn.
2499 3056 2599 3100 nr.
2636 3041 2782 3115 830,

561 3123 709 3187 olim
776 3124 1144 3189 monasterii
1205 3122 1677 3277 ZZZ-{hoamen
1734 3144 1944 3209 prope,
1976 3124 2420 3199 ‚Wormatiam
2467 3122 2785 3205 (Archiv'

574 3212 735 3292 VII,
772 3234 843 3293 p.
879 3219 1002 3277 371
1032 3210 1172 3295 sq.),
1223 3211 1313 3293 (et
1439 3204 1529 3275 '⁴1³
1557 3206 1641 3277 in
1688 3212 2053 3278 bibliotheca
2098 3211 2533 3277 universitatis
2578 3214 2703 3277 Fr
2726 3212 2784 3275 i-

565 3300 999 3382 buryensis
1033 3300 1420 3383 Brisyaviae
1466 3322 1567 3365 nr.
1603 3304 1960 3383 859,*saec.
2000 3302 2157 3380 XV,
2206 3302 2282 3365 de
2326 3320 2445 3381 Quo
2492 3324 2552 3365 a.
2593 3306 2780 3364 1892.
2822 3323 2873 3360 30

555 3389 642 3453 B.
691 3392 764 3454 de
812 3389 1068 3455 Simson
1111 3389 1327 3454 retulit
1367 3389 1443 3455 in
1490 3389 1890 3469 ‘Zeitschrift
1946 3389 2064 3468 fiir
2108 3389 2210 3454 die
2266 3389 2627 3455 Geschichte
2672 3391 2780 3453 des

565 3478 945 3544 Oberrheins
982 3480 1070 3543 N.
1109 3478 1214 3543 F?
1258 3479 1416 3560 VII,
1450 3501 1527 3563 p.
1563 3486 1691 3543 313
1713 3514 1793 3523 --
1814 3486 1960 3560 319,
2009 3478 2197 3543 varia
2242 3478 2497 3557 lectione
2532 3476 2782 3559 proloyi

570 3566 972 3647 Walahfridi
1028 3568 1330 3653 enotata),
1392 3574 1449 3631 et
1499 3567 1566 3631 Β
1597 3562 1717 3650 4¹³)
1776 3566 1851 3632 in
1912 3566 2277 3632 bibliotheca
2333 3566 2513 3648 reyia
2560 3566 2780 3631 Han·

555 3676 970 3721 noverana
1035 3677 1137 3721 nr.
1201 3663 1360 3736 859,
1433 3656 1583 3721 olim
1649 3655 2231 3721 sanctimonialium
2296 3655 2371 3719 in
2432 3654 2781 3737 thinyen

543 3743 952 3825 principatus
980 3744 1496 3827 Luneburyensis
1542 3744 1767 3826 (Perta
1801 3744 1871 3809 Β
1894 3742 1987 3825 8),
2034 3745 2144 3826 qui
2188 3742 2451 3808 nonnisi
2494 3750 2782 3826 excerpta
2818 3767 2870 3807 35

555 3832 814 3897 exhibet.
856 3830 1126 3915 (proloqi
1185 3841 1474 3915 excerpta
1531 3834 1703 3899 edita
1751 3834 1870 3899 SS.
1920 3834 2025 3913 II,
2075 3856 2143 3913 p.
2197 3834 2379 3914 440).
2486 3834 2595 3896 Ea:
2652 3832 2738 3897 iis
2758 3835 2781 3873 3

555 3920 826 4003 capitum
886 3921 1258 3987 divisionem
1317 3930 1374 3986 et
1429 3923 1642 3988 titulos
1701 3946 1744 3988 a
1797 3923 1940 3987 VV.
1996 3921 2052 3988 Ο
2056 3924 2118 3988 ll.
2179 3922 2409 3986 Birhet
2464 3922 2669 3987 Smith
2724 3929 2781 3987 et

555 4011 636 4074 E.
685 4010 1065 4076 Bodemann
1111 4012 1389 4076 benevole
1433 4018 1686 4077 enotata
1730 4010 1956 4076 addidi
1972 4013 2016 4074 4.

555 4240 608 4305 1)
663 4238 840 4303 (Auct.
881 4240 1159 4305 antiquiss.
1209 4240 1315 4305 IX,
1358 4256 1418 4305 p.
1456 4242 1575 4295 356.
1628 4240 1758 4304 vide,
1808 4241 1869 4290 in
1916 4240 2106 4305 quibus
2156 4239 2311 4289 libris
2360 4240 2423 4291 de
2472 4240 2565 4291 hoc
2612 4242 2779 4292 codice

553 4316 729 4361 actum
764 4313 873 4372 sit).
1053 4313 1109 4376 2)
1146 4310 1200 4366 Ο.
1239 4314 1289 4375 9,
1325 4326 1428 4377 quo
1463 4312 1526 4363 dc
1559 4310 1883 4364 Hrodlando
1915 4316 2205 4376 narratur,
2241 4313 2383 4361 inter
2418 4312 2777 4379 supplementa
2810 4320 2863 4358 40

550 4396 686 4436 saec.
725 4381 885 4433 XIII
881 4422 894 4435 .
931 4388 1120 4437 exstat.
1262 4382 1318 4449 3)
1351 4383 1420 4433 In
1457 4383 1506 4433 B
1524 4384 1559 4436 4
1595 4384 1744 4433 tituli
1775 4384 2003 4448 sinyulis
2036 4383 2303 4448 capitibus
2337 4382 2599 4450 adscripti
2632 4388 2771 4447 sunt,

549 4454 608 4503 in
645 4453 694 4504 B
711 4450 780 4506 4b
817 4452 980 4504 index
1016 4456 1248 4520 capitum
1282 4460 1400 4521 post
1431 4455 1825 4520 praefationem
1864 4456 2089 4521 positus.
2304 4456 2363 4521 4)
2412 4454 2541 4519 (Sed
2588 4454 2774 4505 codicis

550 4524 944 4576 Hannoverani
976 4527 1186 4577 variam
1223 4526 1484 4579 lectionem
1519 4528 1633 4591 fere
1668 4540 1869 4579 omnem
1902 4527 2131 4596 ncqlcxit
2165 4527 2336 4579 editor
2372 4541 2535 4594 neque
2585 4526 2773 4577 codicis
