3221 5163
339 1520 390 1558 10

1006 512 1396 568 EINHARDI
1433 513 1627 568 VITA
1664 512 1961 568 KAROLI
1998 513 2077 570 Μ.
2595 519 2661 572 13

430 697 822 762 Welatabi²
875 697 1264 774 dicuntur&
1336 697 1592 762 bellum
1665 697 1961 761 inlatum
2034 701 2159 763 est.
2250 699 2338 761 In
2400 719 2534 782 quo
2590 703 2661 764 et
2680 712 2803 766 789.

426 788 728 852 Saxones
774 787 968 852 velut
1037 779 1445 852 auxiliaresb
1500 785 1685 851 inter
1754 790 2015 852 ceteras
2080 788 2415 865 nationeS‚
2487 808 2661 871 quae

425 877 605 960 regis
651 877 848 960 signa
894 877 1118 941 iussae
1159 875 1642 960 sequebantur,
1692 896 2103 960 quamquam
2137 878 2301 940 ficta
2332 881 2403 941 et
2434 878 2661 940 minus

427 967 677 1030 devota
722 965 1179 1041 oboedientia,
1243 964 1661 1029 militabant.
1756 963 1979 1029 Causa
2026 965 2193 1030 belli
2249 969 2415 1043 erat,
2478 967 2661 1048 quod

425 1054 868 1130 Abodritosss,
931 1055 1050 1138 qui
1097 1075 1252 1118 cum
1300 1054 1582 1117 Francis
1630 1053 1795 1127 Olim
1822 1043 2183 1118 Toederati
2230 1057 2445 1131 erant,
2507 1055 2663 1118 assi·

427 1145 564 1207 dua
607 1144 999 1208 incursione
1045 1137 1518 1208 lacessebant*1
1563 1133 2161 1207 nec-iussionibus
2208 1145 2506 1208 coerceri
2553 1165 2663 1228 po-

423 1237 677 1302 terant.
772 1232 976 1296 Sinus
1036 1232 1356 1315 quidam0
1414 1232 1500 1296 ab
1561 1232 1978 1296 occidentali
2025 1252 2279 1297 oceano
2326 1233 2657 1297 orientem

425 1341 659 1385 versus
705 1322 1098 1406 porrigitur,
1149 1317 1608 1405 longitudinis
1657 1321 1933 1404 quidem
1983 1321 2183 1387 incon
2238 1325 2446 1398 ortae,
2514 1322 2663 1384 lati·

424 1410 690 1474 tudinis
748 1431 908 1474 vero
969 1431 1144 1494 quae
1200 1429 1534 1492 nusquam
1599 1405 1877 1474 centum
1938 1410 2129 1474 miha
2189 1431 2511 1494 passuum
2560 1432 2663 1474 ex·

428 1499 648 1576 cedat,
699 1520 855 1562 cum
900 1500 975 1562 in
1022 1499 1260 1562 multis
1306 1498 1476 1562 locis
1509 1499 1927 1562 contractior
1943 1499 2376 1564 ‘'inveniatur.
2456 1499 2663 1563 Hunc

426 1588 688 1652 multae
735 1589 1241 1652 circumsedent
1284 1587 1637 1664 nationes;
1702 1581 1932 1651 Danif
1982 1588 2317 1671 siquidem
2379 1609 2458 1652 ac
2507 1588 2664 1652 Sue·

427 1682 659 1753 onesg,
731 1698 900 1759 quos
963 1669 1492 1741 Nordmannosh
1545 1697 1888 1754 vocamus,
1961 1679 2033 1741 et
2101 1677 2663 1761 septemtrionale
2712 1700 2719 1709 “

428 1764 595 1832 litus
642 1768 714 1830 et
758 1786 994 1830 omnes
1039 1766 1113 1828 in
1162 1786 1242 1830 eo
1288 1766 1549 1829 insulas
1596 1769 1860 1830 tenent.
1954 1759 2085 1829 Ati
2138 1766 2307 1829 litus
2361 1766 2663 1831 australe

356 1847 374 1861 ‘
429 1853 656 1918 Sclavi
688 1859 760 1919 et
790 1855 975 1918 Aisti
1005 1857 1076 1919 et
1109 1854 1285 1920 aliae
1333 1848 1686 1919 dive—ffiaek
1720 1854 2039 1919 incolunt
2084 1855 2432 1932 nationes3
2482 1855 2668 1920 inter

340 1965 390 2003 15

339 2411 392 2449 20

341 2854 393 2895 25

339 3812 390 3851 ³5

337 4076 392 4115 40

428 1963 597 2026 quos
643 1942 754 2008 vel
800 1944 1152 2028 praecipui
1199 1946 1381 2020 sunt,
1443 1942 1693 2026 quibus
1740 1947 1906 2008 tunc
1968 1965 2009 2007 a
2053 1964 2216 2028 rege
2263 1944 2522 2008 bellum
2568 1945 2664 2007 in·

428 2032 804 2108 ferebatur,
858 2026 1276 2098 Welatabi¹.
1372 2032 1559 2112 Quos
1628 2033 1749 2096 ille
1819 2054 1959 2096 una
2002 2036 2281 2097 tantum
2342 2036 2411 2097 et
2459 2054 2664 2117 quam

429 2140 550 2205 per
596 2142 668 2185 se
715 2126 1018 2206 gesserat
1065 2123 1502 2206 expeditione
1548 2123 1653 2185 ita
1700 2123 2069 2186 contuditm
2107 2143 2185 2186 ac
2235 2123 2521 2199 domuit,
2584 2125 2664 2185 ut
2708 2153 2729 2199 ρ
2774 2176 2783 2189 ,

427 2209 720 2274 ulterius
766 2210 1106 2294 imperata
1143 2212 1372 2277 facere
1410 2211 1692 2275 minime
1730 2213 2206 2276 rennuendum
2254 2211 2662 2275 iudicarent.
2702 2233 2717 2243 ²

647 2295 784 2362 13.*
856 2299 1235 2363 Maximum
1302 2301 1607 2365 omnium
1678 2320 1852 2382 quae
1914 2301 2000 2365 ab
2062 2300 2185 2364 illo
2247 2304 2441 2386 gesta
2501 2302 2666 2364 sunt

427 2387 768 2451 bellorum
815 2392 1088 2472 praeter
1135 2389 1588 2454 Saxonicumn
1636 2390 1797 2454 huic
1844 2388 2029 2454 bello
2077 2390 2423 2466 successit,
2485 2389 2663 2453 illud

428 2477 753 2542 videlicet
812 2479 995 2560 quod
1058 2481 1298 2542 contra
1343 2480 1642 2542 Avares⁰
1698 2478 1881 2543 sivel’
1927 2477 2217 2545 Hunosq
2269 2481 2663 2562 susceptum

429 2569 552 2631 est.
633 2565 834 2645 Quod
880 2565 1000 2631 ille
1049 2571 1121 2632 et
1167 2564 1539 2633 animosffi‘s
1576 2589 1781 2652 quam
1816 2570 2044 2633 cetera
2083 2570 2153 2633 et
2183 2567 2389 2652 longe
2422 2567 2665 2631 maiori
2684 2579 2809 2633 791.

429 2661 768 2740 apparatu
812 2657 1343 2721 administravit.
1439 2657 1662 2721 Unam
1710 2660 1945 2721 tamen
1990 2678 2113 2741 per
2158 2678 2230 2722 se
2282 2658 2356 2719 in
2402 2658 2663 2720 Panno·

429 2745 615 2808 niam
653 2745 739 2788 '—-
775 2766 934 2808 nam
974 2747 1152 2810 hanc
1199 2746 1616 2831 provintiam
1656 2766 1737 2810 ea
1782 2765 1949 2829 gens
1995 2749 2141 2809 tum
2191 2745 2541 2811 incolebat
2576 2750 2665 2789 -—'

431 2833 935 2917 expeditionem
974 2835 1162 2911 fecit,
1213 2838 1483 2899 cetera‘
1523 2835 1669 2899 filio
1701 2855 1823 2898 suo
1855 2834 2151 2920 Pippino
2184 2856 2263 2898 ac
2296 2835 2665 2919 praefectis

429 2922 947 3004 provintiarum,
997 2924 1364 2989 comitibus
1404 2924 1654 2988 etiam⁸
1698 2928 1905 3006 atque
1952 2923 2200 3009 legatis
2247 2924 2664 3007 perficienda

431 3011 788 3075 commisit.
883 3011 1084 3090 Quod
1155 3034 1309 3077 cum
1379 3013 1465 3077 ab
1537 3013 1646 3076 his
1715 3013 2184 3077 strenuissime
2244 3012 2491 3077 fuisset
2552 3013 2663 3077 ad-

430 3100 913 3177 ministratum,
940 3105 1183 3166 octavo
1206 3101 1490 3166 tandem
1515 3122 1696 3165 anno
1714 3097 1734 3137 t
1768 3102 2162 3187 conpletum
2189 3106 2294 3165 est
2314 3102 2356 3162 2.
2428 3101 2656 3181 Quota

429 3188 692 3272 proelia
764 3190 837 3252 in
915 3211 994 3255 eo
1063 3195 1278 3274 gesta,
1357 3194 1694 3273 quantum
1762 3191 2117 3275 sanguinis
2186 3190 2481 3255 effusum
2549 3191 2661 3268 sit,

425 3280 727 3341 testatur
783 3300 999 3343 vacua
1069 3280 1255 3343 omni
1325 3279 1718 3344 habitatore
1764 3280 2124 3344 Pannonia
2190 3284 2262 3344 et
2329 3279 2521 3344 locus
2588 3280 2665 3343 in

657 3451 711 3521 ¹⁸⁸)
749 3452 886 3507 Wal.
924 3468 964 3506 c.
997 3455 1092 3507 14:
1132 3451 1404 3521 Superbia
1443 3451 1740 3505 Hunorum
1787 3468 1894 3519 qua
1928 3450 2195 3505 instancia
2228 3451 2540 3521 perdomita
2574 3451 2663 3520 sit,

747 3527 802 3576 et
839 3522 906 3576 de
942 3522 1131 3577 Erichi
1166 3524 1255 3577 vel
1293 3523 1523 3578 Geroldi
1559 3523 1763 3577 ducum
1802 3522 2040 3579 decessu.

426 3702 470 3753 a)
499 3702 726 3745 weletabi
752 3702 793 3741 A
811 3703 861 3751 ὃς
891 3702 1136 3741 uuelletabi
1162 3702 1203 3741 A
1221 3703 1270 3753 23
1300 3703 1510 3743 Velatabi
1536 3703 1577 3742 A
1595 3701 1639 3742 5.
1776 3702 1821 3752 b)
1860 3702 2102 3742 auxillores
2137 3713 2250 3742 corr.
2281 3703 2524 3742 auxiliares
2551 3703 2592 3740 A
2610 3703 2662 3753 23

426 3756 718 3795 auxiliatores
758 3757 799 3794 A
821 3756 862 3795 5.
902 3756 937 3795 0
956 3756 995 3795 1.
1037 3757 1074 3797 2.
1114 3756 1188 3803 J.,·
1228 3756 1436 3795 auxiat-es
1477 3756 1516 3795 B
1535 3758 1574 3794 1.
1740 3755 1781 3807 c)
1824 3755 2073 3795 Abatriztas
2110 3757 2151 3794 A
2174 3756 2223 3805 23
2267 3755 2497 3795 Abotritas
2534 3757 2575 3794 A
2594 3756 2658 3797 28.

427 3806 784 3859 &insuebant
810 3809 904 3851 Al.
932 3809 1016 3851 01.
1034 3810 1076 3848 2.
1106 3810 1157 3848 Ρ.
1187 3810 1232 3848 J.
1334 3810 1376 3861 e)
1405 3807 1588 3857 quidem
1616 3809 1710 3849 AI.
1741 3810 1782 3851 2.
1807 3809 1873 3850 28.
1904 3809 1945 3849 8.
2047 3807 2083 3859 1)
2101 3809 2214 3848 Tani
2234 3809 2328 3849 Δ2.
2351 3810 2388 3851 3.
2489 3811 2533 3855 g)
2552 3809 2661 3849 Sue-

427 3872 558 3901 sones
583 3864 624 3900 A
639 3865 686 3911 13
716 3861 965 3903 Suessones
992 3863 1033 3900 A
1047 3863 1086 3905 3.
1103 3863 1168 3902 88.
1279 3862 1327 3911 h)
1354 3863 1655 3902 Nortmannos
1682 3862 1723 3901 A
1739 3865 1779 3901 1.
1808 3862 1849 3904 2.
1876 3864 1939 3904 28.
1973 3863 2043 3902 01
2073 3864 2152 3901 hoo
2170 3863 2277 3903 loco.
2300 3863 2350 3901 P.
2371 3862 2442 3909 J.,·
2463 3860 2667 3901 Nordus-

428 3924 610 3954 mannos
639 3917 674 3955 0
693 3918 732 3955 2.
895 3916 928 3967 i)
959 3915 1030 3954 Ad
1058 3916 1097 3955 B
1116 3916 1156 3955 1.
1187 3916 1227 3967 2,
1257 3926 1370 3956 corr.
1402 3917 1463 3955 At
1490 3917 1531 3954 A
1549 3917 1589 3955 2.
1754 3915 1801 3963 k)
1840 3926 1924 3955 om.
1954 3917 1989 3955 0
2006 3916 2046 3958 2.
2204 3915 2238 3964 l)
2264 3915 2525 3954 uuelathabi
2551 3916 2592 3953 A
2611 3916 2664 3966 15

428 3969 654 4009 uueletabi
685 3980 796 4012 corr.
824 3970 1070 4009 uuelletabi
1097 3972 1138 4009 A
1158 3971 1206 4020 23
1236 3970 1483 4009 uuellatabi
1510 3969 1545 4008 0
1562 3972 1601 4010 2.
1766 3967 1827 4019 m)
1864 3970 2057 4009 contulit
2083 3970 2124 4007 A
2144 3971 2181 4011 1.
2209 3969 2233 4007 3
2264 3970 2393 4017 (corr.
2423 3968 2659 4019 contudit).

429 4020 492 4059 38.
523 4021 622 4070 02;
661 4024 876 4063 contrivit
902 4023 943 4068 A
963 4024 1013 4074 23
1051 4021 1276 4075 con[tudit
1312 4032 1334 4061 a
1364 4021 1498 4075 com]
1537 4024 1578 4061 A
1597 4025 1661 4065 28.
1821 4022 1868 4074 n)
1906 4022 2129 4063 Saxoniea
2163 4022 2204 4061 A
2223 4023 2273 4073 2;
2311 4022 2531 4061 saxorum
2567 4022 2602 4061 0
2619 4023 2657 4061 2.

428 4074 474 4177 οξ
502 4073 647 4115 Aul-os
675 4076 778 4127 1313
808 4076 983 4116 Avares
1011 4077 1104 4119 Β2.
1211 4077 1259 4128 p)
1287 4077 1361 4116 vel
1390 4076 1485 4115 Al.
1516 4076 1624 4117 01?
1652 4077 1701 4118 Ρ.
1732 4077 1775 4115 J.
1887 4077 1933 4127 q)
1962 4076 2083 4116 Unos
2111 4076 2205 4117 131.
2316 4076 2354 4125 r)
2384 4079 2471 4115 cet.
2492 4081 2537 4115 et
2564 4075 2663 4115 A&

430 4138 450 4165 s
495 4138 578 4167 om.
609 4129 650 4166 A
668 4130 708 4169 2.
820 4129 854 4182 t)
882 4141 966 4170 om.
997 4130 1088 4172 02.
1199 4131 1246 4181 ιι)
1275 4128 1406 4177 Quod
1434 4131 1475 4168 A
1494 4130 1534 4169 1.
1565 4130 1590 4169 3
1620 4129 1753 4181 (corr.
1784 4129 1935 4182 Quot).
1964 4130 2005 4168 B
2025 4131 2063 4168 1.
2096 4128 2186 4168 02.
2216 4128 2267 4168 Ρ.

322 4344 334 4353 ,
429 4285 483 4357 1)
522 4287 692 4353 (Arm.
728 4305 776 4355 q.
814 4291 866 4343 d.
903 4290 1186 4342 Einhardi
1233 4306 1286 4344 a.
1325 4290 1446 4357 789,
1492 4306 1552 4357 p.
1589 4291 1691 4345 85:
1728 4287 1895 4342 Natio
1933 4331 1946 4343 .
1986 4331 1999 4344 .
2040 4329 2053 4343 .
2092 4287 2483 4341 Sclavenorum
2521 4329 2534 4341 .
2575 4330 2587 4342 .
2628 4324 2666 4355 .,

241 4356 330 4417 222-

337 4516 391 4555 45

427 4374 568 4425 quae
614 4359 837 4437 propria
889 4359 1088 4429 lingua
1115 4358 1408 4428 Welatabi‚
1462 4359 1731 4413 Francica
1786 4363 1971 4413 autem
2005 4357 2197 4412 Wiltzi
2243 4362 2473 4412 vocatur
2524 4363 2659 4419 eta).

425 4432 482 4497 2)
526 4430 791 4497 (Mmt'mv.
848 4430 1388 4485 Βδῖΐιῒῦηᾜοανίωιηι
1423 4448 1475 4487 α.
1502 4434 1624 4490 797.
1662 4434 1823 4498 quasi
1855 4433 2191 4498 compositum
2227 4447 2278 4486 a.
2308 4432 2427 4486 799.
2465 4432 2662 4483 itmm

427 4507 662 4555 coortum
697 4502 844 4569 [vide
882 4503 1086 4569 infraJ,
1132 4520 1184 4559 a.
1219 4506 1344 4559 803.
1390 4505 1600 4555 demum
1634 4506 1922 4569 confectum
1958 4505 2071 4569 est).

519 4698 544 4712 d·
613 4702 618 4709 .

517 4716 532 4729 ’-
