3221 5163
591 526 738 582 XIV
1177 524 1566 580 EINHARDI
1600 524 1795 580 VITA
1832 526 2129 582 KAROLI
2164 528 2245 585 Μ.

593 711 674 774 ab
736 708 988 788 editore,
1058 713 1130 772 ut
1186 707 1536 772 orationem
1605 708 2073 774 concinniorem
2138 716 2198 774 et
2254 711 2463 793 mayis
2520 713 2839 780 Latinam

592 799 897 879 redderet,
945 795 1164 862 multis
1206 796 1281 861 in
1327 796 1484 861 locis
1527 795 1897 863 immutatus
1940 803 2049 862 est.
2136 797 2336 864 Ouius
2379 799 2478 864 rei
2520 801 2843 867 indicium

589 886 666 951 id
711 886 1112 967 potissimum
1172 885 1325 966 erit,
1397 887 1566 966 quod
1620 884 1697 948 in
1765 887 1999 951 talibus
2052 886 2287 968 reliqui
2350 909 2565 954 omnes
2575 940 2594 971 ,
2664 899 2842 972 quot-

591 981 741 1057 quot
811 979 1179 1056 supersunt,
1273 973 1514 1038 codices
1589 974 1891 1038 unanimi
1966 976 2335 1056 plerumque
2408 998 2719 1044 consensu
2794 1003 2841 1045 a

593 1063 935 1128 Nuenario
1009 1065 1308 1128 recedunt
1329 1062 1372 1125 ¹.
1486 1060 1783 1142 Repetita
1840 1068 1931 1127 est
1994 1085 2057 1126 a.
2128 1070 2313 1128 1532.
2384 1064 2695 1132 Basileae
2760 1069 2841 1133 in
2878 1093 2908 1132 ⁵

593 1151 948 1217 collectione
1008 1151 1406 1232 Scriptorum
1476 1149 2009 1216 Germanicorum
2064 1152 2481 1234 Frechtiana,
2542 1177 2606 1219 a.
2662 1163 2833 1221 1561

593 1238 699 1316 (in
743 1239 1042 1322 exemplis
1086 1260 1248 1320 quae
1299 1238 1516 1318 evolvi,
1576 1239 1799 1303 ultimo
1857 1261 2117 1304 numero
2172 1240 2247 1305 in
2294 1248 2333 1305 2
2378 1250 2638 1325 mutato,
2698 1245 2841 1310 iam

596 1336 788 1394 1562.
849 1328 1112 1411 leyitur)
1170 1326 1470 1393 Coloniae
1515 1327 1925 1408 Ayrippinae
1980 1328 2053 1394 in
2121 1329 2248 1409 120,
2310 1352 2370 1395 a.
2426 1338 2619 1396 1616.
2682 1334 2839 1416 Lip-

589 1417 728 1482 siae
772 1419 1108 1482 excudente
1154 1416 1335 1481 Iusto
1380 1414 1699 1480 Iansonio
1740 1415 1817 1480 in
1864 1416 1953 1497 4⁰,
2014 1439 2074 1482 a.
2128 1424 2318 1481 1707.
2378 1419 2453 1484 in
2497 1421 2841 1488 Heineccii

589 1513 650 1572 et
676 1505 1020 1584 Leukfeldi
1053 1504 1486 1587 Scriptoribus
1515 1524 1553 1567 r
1553 1525 1731 1569 erum
1771 1504 2321 1571 Germanicarum.
2391 1509 2841 1577 Schminckius
2880 1537 2939 1574 ιο

589 1601 648 1659 et
691 1617 735 1659 a
779 1594 987 1659 Beato
1032 1593 1350 1658 Rhenano
1411 1591 1600 1658 libris
1660 1613 1877 1658 rerum
1930 1593 2461 1661 Germanicarum
2520 1621 2583 1662 a.
2640 1605 2669 1662 1
2682 1607 2835 1665 551.

585 1683 896 1748 insertam
943 1704 1074 1748 esse
1119 1681 1293 1764 dici-t,
1340 1684 1453 1747 sed
1493 1703 1608 1747 nec
1653 1701 1763 1763 eyo
1792 1703 1907 1747 nec
1934 1681 2281 1747 amicorum
2310 1686 2647 1767 quisquam
2676 1688 2839 1753 eius·

585 1772 759 1836 modi
817 1773 1164 1853 eoeemplum
1223 1770 1488 1852 aspexit,
1549 1777 1610 1835 et
1664 1770 1786 1835 tali
1844 1770 2164 1836 additioni
2219 1773 2387 1837 ratio
2448 1775 2603 1840 libri
2660 1777 2837 1842 vehe-

585 1867 830 1926 menter
887 1863 1284 1926 adversatur.
1399 1857 1715 1940 Reliquae
1772 1866 1981 1924 autem
2038 1859 2342 1926 editi-ones
2398 1883 2631 1944 omnes,
2693 1865 2841 1931 licet

587 1952 768 2015 haud
822 1970 979 2014 raro
1041 1951 1120 2014 ab
1189 1970 1265 2012 ea
1324 1949 1655 2029 recedant,
1721 1947 2193 2013 Nuenarianae
2252 1956 2325 2013 ut
2376 1951 2708 2034 principio
2778 1962 2839 2019 et
2879 1979 2935 2018 16

586 2040 1006 2119 fundamento
1049 2058 1165 2102 suo
1208 2035 1602 2101 innituntur.

805 2133 866 2190 2.
937 2125 1108 2191 Iusti
1136 2124 1417 2190 Reuberi
1460 2124 1536 2188 in
1567 2123 1999 2205 Scriptoribus
2041 2145 2149 2190 rer
2148 2149 2256 2191 um
2295 2127 2837 2196 Germanicarum

588 2239 650 2281 a.
707 2221 897 2281 1584.
957 2214 1296 2281 Codicibus
1356 2215 1596 2278 duobus
1656 2213 1980 2294 adhibitis,
2042 2213 2192 2278 libri
2238 2217 2661 2283 Nuenariani
2720 2221 2834 2286 lec-

587 2306 790 2371 tiones
868 2303 1130 2388 primus
1204 2308 1524 2383 suspectas
1613 2323 1652 2365 r
1652 2301 1925 2382 eddidit,
2016 2324 2129 2367 nec
2208 2310 2419 2369 tamen
2492 2309 2837 2374 emendare

587 2415 925 2477 ayyressus
969 2399 1078 2457 est.
1172 2392 1470 2456 Eandem
1517 2390 1943 2456 recensionem
1999 2390 2073 2456 in
2132 2392 2335 2457 altera
2381 2395 2503 2460 SS.
2551 2396 2836 2462 Reuberi
2874 2422 2932 2462 20

587 2482 862 2548 editione
931 2504 974 2546 a
1048 2487 1239 2546 1619.
1311 2486 1369 2544 et
1435 2479 1510 2544 in
1578 2479 1865 2544 Franzii
1931 2479 2203 2545 historia
2280 2481 2498 2547 Caroli
2564 2485 2831 2568 Mayni,

585 2570 986 2655 Aryentinae
1056 2594 1118 2636 a.
1191 2575 1380 2634 1644.
1451 2568 1527 2634 in
1596 2568 1687 2650 4⁰,
1756 2567 2077 2649 invenies,·
2144 2570 2364 2635 tertius
2432 2572 2834 2655 Scriptorum

584 2660 867 2727 Reuberi
941 2659 1160 2741 editor,
1255 2660 1574 2736 Ioannes,
1668 2679 1729 2721 a.
1814 2663 2005 2721 1726.
2095 2659 2459 2725 iarietatem
2543 2663 2835 2729 lectionis

587 2749 1126 2816 Schminclcianae
1169 2746 1451 2813 subiecit.

801 2845 862 2902 3.
956 2836 1234 2903 Freheri
1303 2858 1366 2901 a.
1434 2842 1624 2916 1613,
1693 2835 1766 2899 in
1835 2834 2109 2917 Corpore
2173 2836 2291 2900 SS.
2352 2838 2833 2906 Francicarum
2872 2867 2926 2906 25

570 2950 642 3010 p.
695 2934 860 3009 433,
922 2926 1035 3009 qui
1093 2925 1365 2991 codicem
1423 2930 1651 2989 nactus
1710 2924 1909 2988 bonae
1966 2930 2181 3004 notae,
2250 2928 2362 2991 sed
2424 2947 2494 2991 eo
2560 2949 2695 2993 non
2760 2937 2835 2995 ut

584 3016 864 3098 oportuit
948 3036 1106 3081 usus
1186 3020 1307 3094 est,
1400 3013 1631 3095 quippe
1719 3012 1831 3094 qui
1920 3011 2252 3077 editionem
2327 3015 2833 3083 Nuenarianam

571 3106 950 3189 plerumque
995 3111 1125 3169 tam
1163 3123 1386 3187 presse
1428 3108 1747 3183 sequatur,
1794 3107 1867 3165 ut
1906 3101 2002 3165 vel
2042 3100 2205 3165 vitia
2248 3104 2703 3185 typoyraphica
2742 3110 2837 3173 ad

583 3195 815 3259 calcem
860 3193 998 3259 eius
1043 3193 1378 3257 emendata
1421 3210 1651 3255 rursus
1694 3188 2030 3273 exprimat.

800 3288 860 3346 4.
939 3283 1246 3346 Andreae
1281 3278 1621 3345 Duchesne
1665 3284 1825 3343 tomo
1870 3278 1977 3342 II.
2028 3278 2149 3343 SS.
2180 3278 2483 3345 Francic.
2531 3304 2591 3346 a.
2634 3290 2829 3349 1636.
2872 3310 2927 3350 ³0

592 3374 854 3437 Teoetum
913 3392 1025 3453 ope
1077 3369 1353 3452 quinque
1412 3366 1712 3448 codicum,
1773 3366 1885 3449 qui
1940 3366 2114 3431 inter
2169 3367 2376 3449 reyios
2420 3370 2833 3438 Parisienses

582 3461 956 3540 habeantur,
1007 3458 1301 3524 correxit.

800 3556 861 3613 5.
909 3546 1227 3613 Bollandi
1257 3569 1317 3611 a.
1351 3551 1543 3610 1643.
1567 3544 1761 3610 editio
1784 3564 1854 3609 eo
1878 3542 2304 3609 anterioribus
2324 3553 2631 3629 praestat,
2663 3553 2837 3631 quod

584 3637 868 3704 codicum
925 3658 1186 3702 suorum
1253 3671 1340 3682 --
1411 3634 1582 3699 inter
1638 3653 1795 3715 quos
1860 3632 1991 3711 fuit
2054 3654 2221 3697 unus
2279 3633 2834 3704 Paderbornensis

583 3726 900 3793 societatis
960 3727 1114 3791 Iesu
1173 3723 1380 3807 [nunc
1423 3721 1874 3788 Bruxellensis
1930 3740 2032 3785 nr.
2084 3718 2292 3802 5815]
2352 3758 2437 3767 -
2496 3745 2608 3807 ope
2666 3727 2833 3793 locos
2872 3752 2927 3792 εει

585 3816 865 3897 aliquos,
943 3815 1178 3880 reiecta
1256 3812 1590 3879 Nuenarii
1668 3809 2099 3891 corruptione,
2176 3810 2469 3875 restituit.
2592 3814 2833 3881 Editor

583 3904 1090 3970 dissertationem
1136 3906 1212 3969 de
1256 3900 1522 3983 reliquis
1566 3898 1812 3965 Karoli
1854 3898 2005 3963 vitis
2048 3904 2107 3963 et
2150 3899 2225 3963 de
2259 3898 2605 3967 Einhardo
2638 3924 2833 3985 prae·

583 3993 777 4075 misit,
825 3992 1023 4058 textui
1067 3989 1514 4058 annotationes
1557 3987 1837 4054 subiecit.

801 4088 861 4145 6.
924 4079 1256 4146 Friderici
1283 4077 1566 4144 Besselii
1593 4074 1989 4141 Helmstadii
2026 4098 2086 4140 a.
2126 4082 2314 4140 1667.
2347 4076 2421 4142 in
2451 4078 2541 4143 4⁰.
2604 4080 2835 4147 Editio

585 4171 817 4237 codicis
861 4169 1238 4236 Florentini
1285 4165 1386 4247 (B
1410 4167 1485 4250 2)
1533 4164 1902 4232 lectionibus
1932 4164 2214 4247 prolatis
2256 4166 2515 4231 excellit.
2607 4170 2833 4236 Anno-
2870 4198 2929 4237 40

589 4362 640 4432 1)
678 4364 860 4431 [Quod
893 4364 1152 4415 iudicium
1184 4368 1372 4429 postea
1406 4360 1620 4412 mutari
1651 4356 1843 4420 debui,t
1882 4372 1999 4408 cum
2034 4356 2193 4408 codex
2228 4356 2649 4425 steinveldensis,
2690 4378 2835 4414 nunc

585 4434 765 4487 Musei
796 4435 881 4486 Br
881 4437 1114 4487 itanntci
1146 4449 1234 4488 nr.
1273 4434 1470 4497 21109,
1509 4434 1755 4496 ropertus
1782 4396 2067 4494 plerasque
2099 4427 2371 4479 Numam·
2404 4428 2640 4483 lectiones
2666 4449 2834 4499 pr-ae

589 4506 742 4570 beat;
786 4524 831 4561 v.
870 4508 974 4559 ‘Ar
975 4504 1115 4558 chiv’
1155 4505 1281 4570 VII,
1323 4521 1385 4571 p.
1423 4470 1577 4569 3'64J.
