3221 5163
538 540 612 594 34
1121 533 1512 590 EINHARDI
1547 533 1741 588 VITA
1778 533 2077 590 KAROLI
2112 533 2194 591 M.

549 717 833 800 Colonia,
867 716 1382 799 Moymitiacusa,
1415 716 1729 781 Iuvavum
1757 737 1919 798 quae
1948 723 2007 782 et
2038 711 2383 782 Salzburcb
2393 767 2411 798 ,
2446 716 2705 782 Treveri
2715 723 2741 754 ⁰
2753 768 2771 798 ,

541 807 852 888 Senones,
945 805 1236 871 Vesontio
1249 801 1304 887 ¹¹,
1396 805 1851 888 Luydunuw,
1950 805 2343 887 Rotumayus
2358 801 2409 887 f,
2515 804 2703 870 Remi
2713 811 2771 885 δ’,

539 890 842 976 Arezash,
905 894 1176 976 Vienna,
1237 893 1652 960 Darantasia
1667 888 1685 930 ¹
1700 945 1717 973 ,
1781 895 1851 958 E
1856 890 2275 975 brodunumk,
2334 894 2703 976 Burdiyala
2718 889 2736 930 ¹
2751 945 2770 976 ,

547 985 848 1065 Turones,
891 983 1294 1065 Bituriyesm.
1369 982 1578 1050 Unius
1591 980 1623 1015 '¹‘
1667 989 1915 1047 autemn
1943 982 2176 1064 partis,
2223 1004 2415 1065 quam
2458 983 2775 1065 inteyram

539 1073 860 1139 reservari
903 1072 1115 1153 voluit,
1176 1071 1329 1138 talis
1387 1078 1479 1136 est
1533 1071 1721 1153 ratio,
1780 1077 1868 1152 ut,
1928 1071 2061 1136 illis
2118 1072 2366 1137 duabus
2422 1071 2498 1136 in
2553 1092 2773 1154 supra·
2818 1095 2844 1134 5

540 1162 745 1228 dictas
813 1161 1157 1227 divisiones
1223 1159 1582 1226 distributis
1640 1166 1699 1224 et
1752 1162 1866 1225 sub
1925 1159 2135 1243 siyillo
2194 1159 2554 1242 reconditis,
2620 1161 2774 1226 haec

540 1251 730 1317 tertia
773 1250 848 1315 in
891 1271 1013 1314 usu
1057 1248 1375 1316 cotidiano
1419 1255 1800 1330 versaretur,
1846 1249 2013 1314 velut
2054 1270 2157 1314 res
2200 1270 2391 1331 quam
2435 1250 2619 1314 nulla
2646 1249 2775 1314 voti

541 1338 922 1422 obliyatione
972 1361 1015 1402 a
1073 1337 1353 1404 dominio
1398 1337 1787 1419 possidentis
1844 1337 2194 1403 alienatam
2253 1359 2384 1403 esse
2442 1344 2770 1420 constaret,

541 1435 600 1493 et
642 1428 756 1493 hoc
805 1426 1088 1493 taandiu⁰
1097 1477 1115 1508 ,
1176 1428 1578 1508 quoadusque
1634 1427 1769 1491 vell)
1821 1426 1932 1492 ille
1988 1425 2327 1492 mansisset
2380 1426 2457 1492 in
2514 1447 2775 1510 corpore

539 1518 676 1582 velq
740 1539 924 1582 usum
993 1515 1128 1582 eius
1185 1515 1313 1580 sibi
1379 1514 1807 1580 necessarium
1872 1514 2205 1581 iudicaret.
2322 1515 2477 1580 Post
2540 1514 2773 1581 obitum
2812 1539 2867 1576 10

539 1625 685 1671 vero
749 1626 934 1670 suum
1002 1611 1116 1670 aut
1173 1603 1604 1669 voluntariam
1664 1604 2089 1669 saecularium
2146 1625 2363 1669 rerum
2422 1603 2773 1670 carentiam

541 1696 756 1760 eadem
787 1715 954 1777 pars
997 1699 1271 1776 quatuor
1314 1691 1849 1758 subdivisionibus
1892 1699 2231 1770 secaretur,
2274 1700 2332 1758 et
2359 1715 2495 1759 una
2525 1692 2775 1774 quidem

543 1803 762 1848 earum
807 1781 1192 1864 supradictis
1242 1782 1390 1847 XX
1433 1788 1490 1846 et
1531 1803 1701 1846 unae
1746 1781 2047 1863 partibus
2102 1783 2458 1863 adderetur,
2520 1782 2725 1847 altera
2739 1788 2765 1818 ¹·

543 1894 587 1936 a
629 1871 791 1952 filiis
837 1893 914 1936 ac
957 1870 1218 1951 filiabus
1261 1871 1399 1936 suis
1443 1869 1721 1951 filiisque
1766 1892 1845 1936 ac
1886 1870 2145 1950 filiabus
2189 1870 2475 1950 filiorum
2517 1891 2775 1935 suorum

543 1966 883 2042 assumpta,
931 1959 1103 2025 iusta
1149 1966 1208 2025 et
1240 1959 1617 2025 rationabili
1646 1959 1818 2023 inter
1846 1980 1948 2024 eos
1980 1959 2336 2041 partitione
2366 1959 2769 2039 divideretur,
2812 1980 2863 2020 ιο

545 2048 732 2114 tertia
787 2069 934 2114 vero
993 2055 1280 2114 consueto
1336 2047 1737 2113 Christianis
1792 2053 1999 2113 more⁸
2055 2047 2131 2113 in
2185 2069 2369 2112 usum
2415 2068 2775 2130 pauperum

543 2138 772 2218 fuisset
813 2145 1089 2220 croyata,
1149 2143 1384 2219 quarta
1399 2136 1420 2174 t
1478 2136 1677 2201 simili
1734 2138 1913 2201 modo
1957 2136 2209 2201 nomine
2254 2136 2655 2202 eleimosinae
2698 2135 2775 2200 in

543 2248 866 2291 servorum
923 2233 980 2291 et
1024 2226 1410 2292 ancillarum
1462 2225 1681 2290 usibus
1731 2225 1971 2308 palatii
2026 2226 2483 2304 famulantium
2540 2232 2775 2290 susten-

545 2315 841 2380 tationem
887 2314 1228 2380 distributa
1271 2315 1530 2378 veniret.
1607 2315 1720 2378 Ad
1761 2315 1928 2380 lianc
1973 2314 2226 2379 tertiam
2271 2314 2461 2379 totius
2494 2335 2775 2378 summae

534 2404 909 2486 portionem,
957 2425 1118 2486 quae
1161 2403 1456 2468 similiter
1497 2409 1570 2467 ut
1614 2409 1851 2469 ceterae
1894 2425 1971 2468 ex
2018 2424 2178 2468 auro
2222 2409 2283 2468 et
2324 2409 2584 2485 arqento
2637 2423 2771 2467 con·
2810 2425 2866 2462 20

546 2499 687 2573 stat,
735 2491 1007 2575 adiunyi
1048 2491 1247 2557 voluit
1289 2492 1504 2557 omnia
1551 2513 1629 2556 ex
1673 2512 1819 2557 aere
1863 2498 1919 2556 et
1959 2494 2136 2571 ferro
2182 2491 2453 2573 aliisque
2502 2490 2775 2556 metallis

545 2603 703 2647 vasa
777 2588 962 2664 atque
1035 2580 1339 2647 utensilia
1407 2602 1546 2647 cum
1614 2580 1817 2646 armis
1882 2588 1943 2647 et
2012 2580 2283 2647 vestibus
2350 2579 2595 2663 alioque
2662 2586 2775 2646 aut

534 2670 815 2753 pretioso
859 2677 973 2735 aut
1013 2670 1129 2735 vili
1175 2673 1264 2736 ad
1304 2670 1520 2735 varios
1563 2692 1717 2735 usus
1760 2671 1932 2750 facto
1982 2670 2407 2752 suppellectili,
2466 2676 2539 2735 ut
2580 2675 2767 2735 sumu

546 2758 826 2825 cortinae
846 2761 888 2841 1,
935 2761 1241 2842 strayula,
1289 2759 1546 2841 tapetia,
1592 2760 1773 2838 filtra
1791 2760 1831 2839 2,
1881 2759 2075 2840 coria,
2124 2766 2415 2840 saymata
2434 2761 2475 2839 3,
2524 2766 2583 2824 et
2608 2757 2774 2841 quic-

547 2848 704 2930 quid
745 2848 820 2913 in
864 2868 1118 2913 camera
1162 2854 1388 2930 atqueV
1425 2846 1723 2913 vestiario
1767 2847 1904 2912 eius
1949 2868 2017 2912 eo
2047 2848 2148 2912 die
2177 2847 2407 2928 fuisset
2432 2846 2771 2926 inventum,
2811 2866 2865 2907 25

546 2944 617 3003 ut
659 2958 736 3002 ex
780 2938 893 3003 hoc
935 2937 1266 3001 maioresW
1310 2935 1490 3001 illius
1523 2935 1741 3017 partis
1786 2936 2127 3001 divisiones
2157 2939 2385 3016 flerent
2412 2943 2471 3001 et
2498 2935 2775 3017 eroqatio

547 3025 944 3092 eleimosinae
1003 3028 1092 3091 ad
1135 3026 1358 3107 plures
1403 3024 1741 3105 pervenire
1791 3025 2114 3108 potuisset.
2231 3024 2551 3107 Capellam
2565 3022 2645 3105 **,
2705 3024 2779 3089 id

545 3122 638 3180 est
679 3114 1162 3180 ecclesiasticum
1205 3112 1648 3195 ministerium,
1697 3120 1829 3178 tam
1872 3112 1945 3178 id
1984 3116 2153 3196 quod
2192 3114 2329 3196 ipse
2383 3114 2537 3194 fecit
2592 3120 2777 3194 atque

547 3202 963 3286 conyreyavit,
1011 3224 1202 3285 quam
1245 3204 1414 3284 quod
1455 3204 1544 3267 ad
1551 3209 1582 3239 ¹
1636 3223 1777 3267 eum
1827 3223 1904 3267 ex
1936 3209 2219 3284 paterna
2262 3202 2601 3268 hereditate
2632 3222 2776 3285 per·

545 3292 744 3374 venit,
805 3298 877 3357 ut
931 3291 1246 3374 inteyrum
1304 3297 1460 3356 esset
1513 3297 1753 3372 neque?
1802 3291 1939 3356 ulla
1998 3291 2307 3357 divisione
2364 3291 2775 3371 scinderetur,
2813 3310 2867 3351 ao

776 3483 829 3553 *)
865 3484 1000 3539 Wal.
1036 3500 1081 3565 c.
1105 3486 1202 3539 37:
1240 3481 1334 3536 Ad
1373 3481 1504 3550 quid
1545 3484 1673 3550 (cod.
1699 3482 1915 3538 Hann.:
1956 3484 2139 3551 quem)
2180 3481 2353 3537 tercia
2386 3498 2513 3551 pars
2550 3481 2776 3550 deputa-

741 3626 828 3695 **)
866 3558 1006 3681 weil.
1019 3556 1102 3681 a}
1124 3628 1222 3681 38:
1263 3623 1412 3694 Quid
1447 3624 1514 3679 de
1552 3624 1760 3693 capella
1795 3642 1893 3678 sua
1928 3628 1986 3677 et
2021 3624 2175 3677 libris
2212 3624 2563 3679 ordinaverit.

548 3806 592 3857 a)
621 3804 934 3853 Magonciaeus
960 3804 1001 3842 A
1019 3804 1061 3845 2.
1187 3805 1232 3855 b)
1261 3803 1448 3844 salzbur
1476 3805 1515 3841 A
1535 3804 1584 3853 13
1614 3803 1828 3850 Zaltburg
1854 3804 1894 3841 A
1913 3803 1963 3853 2;
1994 3801 2230 3851 saltzburg
2258 3803 2296 3841 A
2316 3803 2365 3852 3;
2395 3801 2637 3842 Sslzburoh
2668 3800 2707 3838 A
2725 3801 2774 3850 ὃς

548 3858 779 3898 Saltzbure
807 3859 902 3906 013
947 3857 1164 3904 Salzburg
1190 3858 1240 3897 P.
1370 3857 1412 3908 e)
1439 3856 1652 3895 Treveris
1679 3856 1720 3894 A
1739 3856 1778 3897 1.
1802 3856 1841 3895 3.
1872 3856 1924 3895 P.
2050 3856 2095 3907 d)
2125 3856 2388 3896 vesontium
2415 3855 2520 3903 ..133
2555 3854 2779 3894 Vesonoia
2814 3854 2865 3895 35

547 3913 650 3961 B1;
692 3912 922 3953 Vesorioio
950 3911 1044 3951 A2.
1183 3913 1224 3959 e)
1253 3908 1394 3950 Luod.
1425 3911 1464 3949 B
1483 3911 1524 3953 1.
1658 3909 1694 3960 t)
1722 3910 1991 3957 Ronmagus
2018 3909 2060 3947 A
2081 3911 2128 3958 13
2171 3910 2443 3956 Rotomagus
2470 3908 2511 3946 A
2531 3909 2570 3946 2.
2600 3908 2667 3945 2⁸.
2696 3907 2747 3947 P.
2760 3919 2779 3953 ,·

547 3966 823 4012 Ratumagus
841 3965 883 4003 A
899 3966 938 4005 5.
963 3966 1000 4003 Β
1019 3964 1085 4003 1*.
1107 3964 1146 4003 2.
1168 3964 1209 4003 3.
1231 3964 1325 4013 013
1355 3962 1663 4010 Rodomagum
1690 3964 1730 4000 A
1750 3964 1788 4004 3.
1870 3963 1913 4013 g)
1940 3962 2093 4002 Remis
2119 3962 2160 4000 A
2181 3963 2219 4001 1.
2241 3963 2306 4001 2⁰1.
2337 3962 2378 4000 3.
2407 3961 2457 4000 P.
2541 3959 2589 4010 h)
2619 3961 2777 4000 Arales

549 4019 589 4057 A
607 4018 648 4058 5.
681 4018 778 4068 013
807 4018 966 4057 Areles
993 4017 1112 4059 ΒΡ.
1132 4018 1171 4056 2.
1281 4016 1313 4068 i)
1343 4018 1613 4056 Darantasia
1641 4016 1680 4054 A
1700 4016 1739 4058 2.
1767 4017 1831 4055 2⁰1.
1950 4016 1999 4067 k)
2026 4012 2319 4054 Ebrodonum
2345 4015 2387 4053 A
2404 4015 2444 4056 1.
2546 4015 2577 4065 1)
2606 4012 2777 4053 Burde-

549 4072 651 4119 gala
676 4072 800 4113 A2·.
833 4071 880 4122 33
924 4069 1171 4120 Burdigala
1206 4071 1304 4110 Bl.
1452 4070 1512 4121 m)
1550 4070 1808 4117 Butturiges
1846 4068 1887 4106 A
1906 4070 1955 4117 23
2000 4068 2194 4107 Bituries
2230 4069 2269 4105 A
2288 4068 2331 4107 5.
2476 4068 2523 4118 n)
2561 4078 2645 4107 m.
2674 4068 2714 4105 A
2734 4068 2775 4106 2.

551 4126 594 4176 o)
625 4123 782 4165 tandiu
810 4126 852 4163 A
869 4125 909 4166 1.
941 4125 1004 4165 2⁸.
1036 4125 1077 4163 B
1093 4125 1133 4166 1.
1160 4124 1209 4163 P.
1312 4123 1358 4174 p)
1387 4134 1471 4164 om.
1505 4124 1543 4161 A
1562 4124 1602 4161 1.
1713 4124 1757 4169 q)
1788 4122 1861 4161 vel
1889 4127 1940 4160 ut
1966 4132 2097 4160 usum
2126 4122 2210 4160 sibi
2236 4121 2277 4159 A
2296 4121 2345 4171 13
2376 4122 2449 4160 vel
2476 4141 2531 4149 —
2558 4120 2777 4161 iudicaret
2813 4121 2867 4160 40

549 4189 634 4217 om.
664 4178 703 4216 A
723 4178 763 4217 8.
901 4177 940 4228 r)
979 4188 1086 4218 vero
1115 4178 1220 4216 add.
1249 4176 1291 4214 A
1309 4178 1348 4227 3,
1391 4177 1505 4225 quod
1539 4176 1727 4214 secunda
1760 4186 1891 4214 manu
1926 4176 1972 4213 in
1999 4176 2040 4214 A
2059 4176 2080 4213 1
2122 4174 2317 4213 additum
2354 4184 2443 4213 esse
2477 4175 2698 4213 adnotavit
2724 4175 2777 4215 Ρ.

549 4232 588 4283 s)
617 4236 762 4271 morte
789 4231 829 4268 A
848 4232 898 4280 1;
929 4241 1038 4270 vero
1067 4231 1106 4270 B
1124 4232 1164 4269 1.
1294 4228 1329 4276 t)
1357 4241 1399 4279 q.
1431 4240 1541 4269 vero
1568 4230 1608 4267 B
1629 4229 1667 4269 1.
1778 4228 1824 4279 u)
1852 4228 1941 4267 sint
1968 4228 2007 4267 Β
2026 4229 2065 4267 1.
2097 4227 2161 4270 1*.
2189 4229 2230 4268 2.
2361 4230 2407 4277 v)
2438 4233 2571 4277 atque
2600 4228 2648 4267 in
2676 4228 2718 4266 A
2735 4228 2775 4266 1.

549 4285 609 4335 w)
639 4285 820 4324 maioris
848 4284 943 4326 A2.
974 4285 1038 4323 2⁸.
1147 4283 1194 4333 x)
1223 4294 1278 4322 ex
1308 4288 1498 4333 paterna
1527 4280 1584 4321 ad
1614 4293 1717 4321 eum
1744 4292 1873 4330 perv.
1903 4279 2059 4321 hored.
2090 4281 2130 4318 A
2150 4282 2189 4319 1.
2300 4281 2347 4332 y)
2378 4286 2511 4331 atquo
2540 4282 2577 4319 A
2599 4281 2639 4319 3.

551 4444 604 4514 1)
641 4446 784 4511 Vela,
821 4444 1028 4497 aulaea.
1160 4441 1216 4511 2)
1254 4442 1442 4494 Panna·
1476 4442 1619 4494 lanei
1639 4456 1837 4507 oenum
1860 4438 1949 4492 filz
1978 4440 2306 4497 Germanice.
2436 4440 2491 4509 3)
2519 4440 2781 4507 Saymata

549 4522 674 4568 sunt
709 4515 884 4582 sellae,
919 4515 1083 4567 sellae
1116 4515 1398 4582 impositae
1432 4515 1697 4579 sarcinae,
1737 4519 1850 4564 tum
1885 4526 2033 4567 vasa.
2813 4524 2867 4564 45
