3221 5163
2200 332 2219 368 h

563 546 767 606 xxlv
1139 551 1527 608 EmHARDI
1569 508 1769 608 VITA'
1792 552 2092 610 KAROLI
2126 552 2209 613 M.

563 733 918 799 Bernensis
985 742 1042 800 et
1099 735 1496 801 Parisiensis
1562 737 1889 802 emendavi
1908 738 1965 819 1,·
2031 738 2340 803 Planctus
2407 739 2646 804 Karoli
2713 761 2789 804 ex

563 823 878 888 codicibus
922 824 1286 904 Veronensi,
1326 824 1695 891 Parisiensi
1726 833 1785 890 et
1810 827 2221 892 Bruxellensi
2250 827 2477 892 iterum
2502 829 2723 910 prodit
2740 831 2788 908 ²,·

565 933 821 977 carmen
867 913 942 978 de
987 919 1204 978 sancto
1251 914 1518 996 Karol0,
1567 915 1704 979 eius
1749 915 2231 981 canonizatione
2264 917 2621 998 posterius’.

785 1242 940 1308 Cuan
1020 1244 1306 1309 omnibus
1387 1244 1847 1326 exemplaribus
1921 1251 2186 1326 quartae
2252 1245 2549 1310 editionis
2615 1269 2787 1311 anno
2824 1274 2849 1312 5

567 1337 757 1395 1880.
805 1331 1068 1398 emissae
1113 1355 1337 1398 venum
1373 1333 1544 1398 datis
1581 1333 1913 1416 bibliopola
1943 1355 1986 1397 a
2016 1333 2195 1398 nobis
2228 1341 2481 1415 peteret,
2529 1341 2599 1400 ut
2626 1335 2785 1400 Ein-

559 1420 752 1486 hardi
796 1421 954 1486 liber
1001 1423 1200 1486 denuo
1247 1423 1546 1504 ederetur,
1602 1444 1733 1487 non
1779 1443 2177 1504 recoqnosere
2221 1443 2359 1486 eum
2395 1423 2785 1506 propositum

558 1508 771 1591 habui,
819 1513 930 1576 sed
972 1517 1218 1576 tantum
1253 1510 1675 1576 recensionem
1713 1535 1754 1576 a
1795 1511 2067 1594 Georqio
2112 1508 2317 1576 Waitz
2349 1513 2402 1576 b.
2436 1534 2517 1575 m.
2552 1512 2784 1576 editam

559 1605 863 1680 quantum
907 1599 1086 1664 licuit
1129 1606 1476 1665 retractare
1521 1622 1597 1665 ac
1643 1599 1972 1681 corriqere,
2008 1606 2268 1682 praeter
2304 1600 2543 1666 codices
2572 1601 2783 1666 Petro-

547 1687 912 1770 politanum
944 1687 1040 1770 (A
1067 1687 1139 1770 3)
1173 1694 1231 1754 et
1258 1689 1745 1770 Luqdunensem
1777 1687 1872 1770 (A
1898 1692 2019 1771 2²)
2055 1688 2187 1752 iam
2217 1689 2555 1771 exscriptos
2586 1690 2783 1754 nullis

559 1776 742 1842 libris
785 1799 982 1843 manu
1027 1777 1282 1860 scriptis
1337 1777 1566 1842 iterum
1610 1778 1904 1859 excussis,
1966 1779 2078 1843 sed
2120 1777 2497 1859 percensitis
2540 1778 2783 1843 schedis

557 1867 732 1947 apud
795 1888 910 1931 nos
977 1865 1330 1932 adservatis
1397 1873 1777 1948 apparatum
1854 1866 2141 1932 criticum
2208 1873 2267 1931 et
2330 1869 2660 1932 emendare
2726 1874 2785 1932 et

545 1955 748 2038 paulo
793 1976 1024 2038 auyere
1069 1955 1268 2036 debui,
1325 1961 1554 2020 textum
1598 1955 1803 2020 tribus
1848 1962 2089 2020 tantum
2136 1955 2288 2020 locis
2332 1955 2589 2038 mutavi,
2650 1955 2781 2038 qui-

557 2044 670 2108 bus
739 2043 1079 2126 Georyium
1137 2042 1342 2109 Waite
1409 2043 1727 2108 lectionem
1794 2050 2060 2126 quartae
2124 2043 2420 2109 editionis
2464 2066 2594 2110 non
2626 2067 2780 2127 pru-

557 2133 796 2197 dentem
842 2155 918 2198 ac
963 2133 1274 2214 scientem,
1335 2134 1446 2197 sed
1500 2153 1714 2198 errore
1758 2131 2089 2216 scripsisse
2134 2133 2451 2215 perspexi,
2514 2140 2779 2198 ceterum

558 2243 799 2303 cavens,
840 2243 920 2287 ne
938 2243 1241 2304 ponerem
1271 2243 1432 2304 quae
1461 2221 1622 2286 mihi
1654 2222 2011 2304 placebant,
2048 2242 2264 2303 pauca
2295 2223 2779 2305 orthoqrapltica

543 2331 668 2391 per
711 2309 1204 2394 imprudentiam
1254 2310 1515 2376 editoris
1567 2310 1782 2394 posita
1828 2311 1915 2374 ad
1956 2311 2270 2375 rationem
2314 2313 2392 2376 ab
2439 2333 2507 2396 eo
2556 2333 2778 2394 propo-

552 2399 743 2464 sitam
763 2477 766 2480 ,
789 2399 1034 2466 reduxi.

766 2489 1214 2569 Praefationes
1268 2488 1528 2572 Georqii
1572 2488 1877 2554 Heinrici
1922 2489 2113 2554 Perta
2158 2496 2215 2554 et
2268 2489 2531 2572 Georqii
2564 2489 2779 2556 Waite

2820 1719 2871 1755 10

2819 2162 2869 2199 15

553 2600 700 2659 non,
749 2586 1054 2661 quantum
1084 2577 1232 2660 fieri
1265 2577 1490 2661 potuit,
1537 2585 1815 2645 mutatas
1858 2579 2250 2645 recudendas
2280 2579 2518 2662 curavi,
2568 2601 2777 2660 quam·
2812 2608 2866 2647 20

550 2667 648 2733 vis
692 2689 878 2751 aeqre
921 2669 1175 2751 ferrem,
1246 2670 1412 2750 quod
1469 2668 1574 2734 hic
1634 2690 1755 2751 pro
1811 2668 2033 2750 priore
2101 2690 2230 2733 non
2292 2690 2519 2734 novam
2584 2667 2777 2731 vitam

549 2757 884 2823 Einhardi
914 2758 1336 2840 composuerit,
1383 2756 1456 2821 in
1494 2756 2009 2823 adnotationibus
2040 2757 2346 2822 librorum
2376 2758 2777 2821 laudatorum

553 2867 752 2912 novas
797 2846 1100 2913 editiones
1135 2868 1259 2929 pro
1291 2846 1625 2929 prioribus
1660 2847 1869 2928 posui,
1907 2846 2323 2929 paucissima,
2385 2867 2543 2927 quae
2586 2844 2778 2910 utilia

548 2935 690 3001 visa
733 2943 900 3018 sunt,
961 2935 1205 3018 addidi,
1267 2934 1451 3001 uncis
1495 2935 1598 3001 his
1646 2934 1797 3017 (—)
1845 2935 2175 3001 includens
2220 2957 2381 3018 quae
2443 2958 2486 3000 a
2542 2957 2637 3000 me
2682 2934 2775 2999 in·
2890 2943 2895 2947 “

547 3032 718 3091 serta
761 3031 1096 3181 Ziziiliardi
1143 3100 1418 3179 libellum
1463 3136 1523 3178 a.
1564 3118 1753 3177 1882.
1792 3113 2108 3193 Alfredus
2137 3114 2384 3177 Holder
2430 3112 2776 3196 (Friburyi

547 3211 606 3269 et
647 3203 1002 3288 Tubinqae)
1049 3203 1280 3269 iterum
1325 3201 1522 3268 edidit
1539 3203 1579 3283 ⁸,
1631 3208 1861 3267 textum
1904 3201 2345 3287 Waitzianum
2378 3223 2654 3283 perraro
2700 3222 2777 3267 ex

546 3292 905 3358 recensione
949 3294 1010 3359 J
1003 3292 1264 3371 affeana
1320 3298 1628 3356 mutatum
1686 3298 1984 3373 repetens,
2047 3290 2535 3373 orthoqraphica
2595 3311 2775 3372 quae-

548 3384 699 3447 dam
743 3381 1064 3447 arbitratu
1107 3402 1220 3446 suo
1265 3380 1562 3461 scribens,
1634 3379 1913 3445 retinens
1971 3378 2160 3445 etiam
2220 3380 2545 3461 quaedam,
2616 3400 2775 3461 quae

557 3470 636 3536 G.
685 3468 890 3535 Waitz
923 3472 1211 3552 prudens
1255 3469 1524 3535 scribere
1569 3468 1871 3534 noluisset
1887 3470 1931 3531 4.
2004 3544 2007 3547 ⁴

761 3560 1028 3625 Praeter
1085 3581 1178 3641 ea,
1248 3580 1408 3641 quae
1466 3557 1596 3622 iam
1656 3578 1852 3639 supra
1910 3556 2229 3639 adnotavi,
2296 3578 2512 3622 moneo
2570 3556 2772 3636 Eu'qe-

546 3648 728 3714 nium
779 3648 1011 3714 Bacha
1071 3671 1132 3713 a.
1173 3648 1396 3712 1888.⁵
1441 3646 1687 3729 Leodii,
1744 3645 2152 3711 Fridericum
2199 3647 2421 3711 Kurze
2480 3667 2541 3709 a.
2582 3650 2769 3707 1899.

549 3844 601 3907 1)
638 3842 806 3906 (Quos
839 3840 907 3895 Ε.
934 3842 1216 3893 Dum-mler
1250 3840 1410 3893 edidit
1444 3840 1633 3891 Poetae
1666 3838 1907 3892 Carolini
1927 3838 1976 3905 I,
2006 3855 2065 3904 p.
2094 3840 2194 3893 131
2220 3854 2348 3905 sqq„
2384 3853 2451 3890 ex
2486 3852 2589 3903 quo
2624 3837 2771 3887 volu-

547 3915 687 3965 mine
739 3913 1004 3965 lectionem
1057 3914 1272 3963 variam
1321 3911 1720 3978 adscripsimus.
1805 3911 1934 3962 Vide
1981 3910 2109 3965 ibid.
2148 3926 2210 3975 p.
2250 3912 2354 3964 124
2376 3924 2452 3975 sq.
2502 3909 2564 3959 de
2616 3908 2773 3960 libris

544 4000 712 4035 manu
763 3986 984 4050 scriptis
1038 3988 1084 4035 et
1137 3982 1450 4034 editionibus
1503 3982 1669 4034 huius
1720 3982 2015 4048 carminis).
2219 3982 2275 4047 2)
2337 3987 2361 4044 (
2366 3979 2525 4042 Quem
2578 3982 2772 4031 iterum

544 4054 612 4109 E.
649 4054 926 4107 Dummler
961 4055 1125 4106 edidit
1160 4055 1196 4108 l.
1233 4054 1268 4109 l.
1306 4053 1354 4119 I,
1397 4071 1458 4120 p.
1494 4054 1795 4115 434—436‚
1831 4058 2025 4120 quarto
2060 4054 2219 4105 etiam
2256 4051 2421 4103 codice
2466 4051 2773 4103 Treverensi

545 4126 823 4189 adhibito).
1023 4127 1078 4191 3)
1131 4126 1433 4177 Editionem
1488 4125 1707 4189 Georgii
1752 4122 2003 4175 Heinrici
2048 4124 2209 4176 Pertz
2260 4124 2519 4175 'audacter
2570 4122 2772 4175 recudit

545 4196 723 4251 J.-P.
775 4196 974 4263 Miyne,
1025 4196 1230 4251 Patrol.
1283 4196 1405 4249 Lat.
1447 4194 1720 4260 CXCVII,
1768 4213 1827 4262 p.
1879 4196 2096 4250 9—-62,
2239 4193 2295 4263 4)
2351 4194 2478 4259 Cap.
2516 4197 2603 4249 30.
2640 4200 2771 4245 recte

545 4271 830 4320 evocatum
867 4266 938 4319 ad
977 4284 1032 4320 se
1069 4270 1300 4333 scripsit,
1337 4267 1435 4317 ubi
1466 4274 1667 4333 quarta
1702 4272 1885 4318 nostra
1930 4268 2088 4317 editio
2128 4282 2232 4331 per
2266 4281 2502 4317 errorem
2552 4265 2771 4317 editoris

2812 3051 2864 3090 25

2812 3494 2864 3533 30

2809 3995 2861 4033 35

543 4342 798 4391 vocatum
844 4339 1016 4394 habet.
1081 4339 1191 4401 Quo
1238 4339 1346 4390 loco
1395 4340 1554 4389 etiam
1590 4338 1735 4391 Ann.
1774 4340 1932 4404 requi
1964 4338 2165 4391 Franc.
2216 4337 2295 4388 vel
2325 4336 2622 4402 Einhardi,
2672 4336 2767 4389 SS.
2805 4351 2859 4389 4ο

541 4410 609 4465 R.
651 4411 714 4465 G.
760 4428 819 4477 p.
861 4412 981 4475 138,
1031 4409 1258 4461 habent:
1311 4412 1692 4461 evocatum
1742 4407 1811 4459 ad
1860 4424 1917 4460 se
1962 4451 1974 4463 .
2014 4449 2028 4464 .
2068 4451 2079 4462 .
2129 4405 2305 4459 filium
2356 4424 2512 4459 suum
2554 4404 2767 4459 Hludo-

541 4480 754 4549 wicum,
792 4480 1124 4549 Aquitaniae
1159 4496 1363 4549 regem,
1403 4496 1663 4532 coronam
1698 4478 1778 4531 illi
1814 4477 2055 4547 inposuit
2090 4482 2147 4532 et
2187 4478 2483 4547 imperialis
2532 4476 2767 4530 nominis

541 4551 647 4607 sibi
683 4556 989 4608 consortem
1025 4550 1172 4609 fecit.
1315 4554 1371 4621 ὅ)
1404 4536 1595 4606 ‘Etude
1631 4552 2017 4621 bioyraphique
2052 4568 2151 4605 sur
2186 4550 2519 4621 Eyinhard'.
