3221 5163
1085 485 1477 542 EINHARDI
1512 485 1707 542 VITA
1742 485 2041 542 KAROLI
2074 486 2155 545 M.
2620 489 2733 546 VII

501 665 1019 733 concinnitudine
1063 674 1388 733 aeternam
1429 667 1681 751 inqenii
1723 668 1861 735 eius
1902 675 2129 751 testem,
2188 669 2307 735 etsi
2349 691 2481 736 non
2522 671 2733 738 incho-

499 775 674 837 asse,
731 755 1079 838 perfecisse
1147 763 1357 822 tamen
1423 759 1771 823 credendus
1836 764 1930 824 est
1945 758 1988 821 1.
2108 758 2497 840 Imperatori
2562 760 2734 826 domt‘

499 843 885 926 militiaeque
927 865 1171 928 semper
1213 845 1506 910 adhaesit
1521 847 1565 927 ²,
1612 868 1728 912 nec
1770 845 1905 912 nisi
1946 847 2150 929 semel,
2198 868 2339 912 cum
2375 869 2551 914 anno
2580 855 2729 914 806.

501 933 744 1015 leyatus
801 940 1233 1000 testamentum
1289 933 1428 999 eius
1481 934 1689 1000 Leoni
1734 955 1950 1017 papae
2014 935 2527 1002 subscribendwn
2587 958 2733 1020 por-

437 1045 464 1084 5
499 1021 736 1104 riyeret
750 1023 792 1104 ⁸,
841 1025 921 1088 ab
966 1044 1036 1088 eo
1081 1022 1438 1088 discessisse
1480 1023 1750 1088 videtur.

713 1110 911 1176 Anno
943 1117 1091 1175 813.
1138 1110 1301 1192 siliis
1330 1111 1574 1176 Karoli
1607 1111 1960 1178 maioribus
1987 1119 2149 1178 natu
2174 1112 2510 1195 defunctis,
2544 1134 2733 1196 prae·

501 1198 724 1281 cipuus
767 1199 829 1265 ei
873 1200 956 1264 H
955 1199 1250 1266 ludowici
1299 1199 1375 1265 in
1430 1200 1785 1266 societatem
1838 1199 2099 1282 imperii
2157 1200 2283 1267 sibi
2340 1201 2735 1268 adsciscendi

500 1294 723 1354 auctor
765 1287 967 1368 fuisse
1010 1289 1294 1355 traditur
1308 1289 1355 1352 4.
1433 1288 1761 1355 Proximis
1791 1296 1946 1374 post
1987 1289 2221 1355 obitum
2252 1290 2493 1356 Karoli
2538 1291 2735 1356 annis

500 1376 575 1442 in
615 1377 792 1459 qrati
837 1383 896 1442 et
936 1377 1370 1444 venerabundi
1413 1377 1625 1444 animi
1680 1377 1935 1460 siquum
1953 1379 1977 1418 ⁵
2020 1377 2217 1444 vitam
2274 1379 2410 1445 eius
2464 1380 2735 1446 scriben-

415 1489 466 1528 ιο
503 1468 651 1532 dam
695 1463 820 1530 sibi
852 1467 1200 1548 proposuit,
1249 1473 1308 1532 et
1351 1473 1500 1532 ante
1544 1489 1788 1532 annum
1819 1473 1969 1533 820.
2020 1466 2319 1549 absolvit,·
2364 1489 2538 1534 anno
2567 1467 2736 1534 enim

501 1554 781 1635 sequenti
812 1561 960 1620 821.
1006 1553 1133 1636 (vel
1165 1557 1325 1640 822)
1357 1554 1492 1620 iam
1521 1555 1694 1621 inter
1722 1554 1918 1622 libros
1946 1555 2323 1622 monasterii
2354 1556 2735 1623 Sindleozes-

501 1648 698 1708 Auva
714 1644 738 1682 ⁶
797 1643 1085 1724 occurrit,
1156 1650 1214 1708 et
1271 1665 1444 1709 anno
1504 1651 1653 1710 830.
1724 1645 1820 1710 vel
1879 1651 2030 1710 831.
2098 1647 2345 1725 famam
2410 1645 2548 1710 eius
2614 1647 2738 1711 late

493 1731 814 1816 patuisse,
892 1753 970 1797 ex
1043 1731 1220 1814 Lupi
1307 1733 1570 1814 ep'wtola
1646 1735 1736 1798 ad
1805 1734 2220 1799 Einhardum
2306 1733 2735 1816 intelliyimus.

511 1820 937 1921 Conqueritur
991 1820 1065 1886 in
1115 1821 1528 1902 praefatione
1585 1824 1663 1887 de
1721 1821 2077 1887 litterarum
2141 1821 2218 1887 in
2284 1823 2439 1887 aula
2504 1823 2707 1886 honor
2706 1844 2739 1887 e

417 1931 467 1970 15
501 1909 638 1974 iam
681 1909 817 1974 iam
867 1909 1216 1992 imminuta,
1278 1917 1338 1976 et
1392 1911 1684 1992 quamvis
1742 1913 1917 1994 apud
1957 1911 2041 1976 H
2040 1910 2415 1976 ludowicum
2472 1910 2738 1993 impera·

505 2004 698 2063 torem
763 1999 965 2064 locum
1030 1999 1294 2064 honoris
1346 1999 1706 2082 pristinum
1761 1999 2075 2082 retineret,
2146 2006 2359 2065 tamen
2412 1999 2549 2064 iam
2608 2006 2739 2064 tum

491 2086 937 2169 praesentiens
1003 2109 1069 2153 se
1125 2090 1312 2154 rebus
1377 2089 1717 2170 imparm,
1786 2109 2061 2171 quarum
2126 2110 2159 2154 e
2224 2088 2427 2154 medio
2493 2088 2740 2154 amicus

503 2197 657 2240 suus
699 2197 972 2259 maynus
1015 2175 1414 2258 discessisset,
1464 2176 1680 2242 ‘otium
1724 2198 1845 2260 quo
1890 2177 2238 2260 aliquando
2270 2178 2736 2260 perfrueretur,

503 2264 874 2331 multimoda
917 2265 1292 2348 coyitatione
1329 2265 1660 2332 meditari'
1705 2266 1908 2350 coepit
1927 2267 1967 2329 ⁷.
2052 2267 2259 2348 Quam
2286 2267 2360 2330 ob
2388 2287 2523 2332 rem
2550 2265 2743 2331 villas

417 2375 470 2414 so
505 2353 946 2419 Michilinstat
997 2361 1059 2419 et
1112 2354 1500 2420 Mulinheim
1561 2355 1636 2421 in
1692 2357 1861 2420 saltu
1926 2355 2291 2422 Odanwald
2344 2377 2389 2420 a
2433 2355 2742 2436 populari

504 2443 870 2524 frequentia
925 2444 1110 2509 valde
1165 2450 1436 2510 remotas
1493 2451 1738 2525 nactus,
1799 2465 1909 2510 eas
1966 2443 2091 2509 sibi
2148 2450 2207 2509 et
2247 2444 2495 2508 Immae
2550 2443 2740 2508 umori

507 2533 587 2598 ab
654 2531 1035 2615 imperatore
1091 2533 1345 2599 concedi
1401 2533 1653 2617 roqavit
1667 2536 1711 2597 ⁸.
1825 2532 1950 2616 Qui
1994 2531 2293 2615 petitioni
2350 2553 2482 2598 non
2538 2533 2739 2598 solum

508 2622 758 2703 annuit,
804 2624 917 2687 sed
959 2644 1098 2688 cum
1143 2644 1318 2688 anno
1365 2628 1514 2687 817.
1562 2623 1646 2687 H
1647 2622 1989 2688 lotharium
2037 2642 2243 2705 reqem
2302 2621 2738 2704 constituisset,

509 2710 921 2776 Einhardum
953 2710 1356 2793 potissimum
1400 2711 1512 2793 qui
1558 2710 1714 2777 ‘eius
1758 2731 1979 2777 curam
2019 2717 2263 2793 qereret
2317 2713 2544 2792 quique
2600 2732 2740 2775 eum

419 2818 472 2859 25
508 2799 585 2864 de
627 2799 909 2865 moribus
967 2798 1362 2883 corrigendis
1419 2807 1479 2865 et
1535 2800 1811 2865 honestis
1867 2806 2052 2881 atque
2108 2799 2369 2865 utilibus
2424 2798 2741 2864 sectandis

508 2889 720 2953 sedulo
766 2889 1200 2954 comononeret'
1232 2888 1416 2970 eleyit
1429 2891 1474 2951 ⁹.
1560 2889 1741 2955 Unde
1769 2895 1830 2954 et
1855 2908 2095 2970 maqna
2125 2894 2279 2972 post
2304 2887 2478 2953 inter
2504 2894 2739 2951 utrum-

508 2997 626 3057 que
681 2977 1020 3042 necessitas
1075 2976 1389 3042 remansit
1404 2978 1476 3041 10.
1581 2978 1779 3043 Anno
1838 2982 1987 3042 818.
2055 2977 2269 3041 Imma
2326 2976 2741 3041 consentiente

512 3117 566 3181 1)
608 3114 788 3181 [Haec
823 3114 976 3180 Jaffe
1004 3117 1065 3167 in
1100 3116 1322 3167 dubium
1355 3120 1574 3184 vocavit,
1610 3133 1775 3185 neque
1807 3118 1986 3184 ipsum
2016 3115 2363 3168 Einhardum
2399 3114 2740 3166 architectum

508 3186 681 3250 fuisse
713 3189 976 3242 concessit.
1036 3186 1139 3239 Sed
1171 3191 1506 3240 contrariam
1539 3191 1853 3241 sententiam
1887 3191 2053 3240 tenuit
2087 3185 2447 3250 Wattenbach,
2485 3185 2572 3240 ‘.D
2608 3183 2739 3247 00!

421 3256 1072 3325 aoI,.‚.,(od6p181
1123 3262 1280 3327 n.35
1329 3259 1494 3314 edm?
1545 3260 1869 3325 I,p.,201
1918 3260 2092 3325 n..2)
2178 3255 2745 3309 GerteinHrabani

507 3328 779 3394 epitaphio
814 3330 1000 3394 (infra
1026 3346 1084 3397 p.
1111 3329 1258 3391 XII)
1291 3332 1519 3397 leqitur:
1554 3329 1665 3383 Per
1700 3347 1863 3399 quem
1900 3334 1956 3383 et
1987 3328 2224 3383 confecit
2246 3328 2539 3395 (Karalus)
2566 3327 2742 3380 multa

510 3398 639 3451 satis
690 3414 874 3466 opera.
963 3400 1049 3464 Cf.
1086 3417 1222 3468 quae
1267 3406 1453 3453 monui
1491 3402 1576 3457 D.
1616 3403 1752 3457 VG!
1787 3402 1899 3469 III,
1949 3403 2149 3470 p.440
2172 3417 2244 3467 n.,
2298 3400 2407 3452 loco
2458 3400 2628 3451 allato
2675 3414 2742 3451 ex

520 3471 737 3524 Transl.
790 3471 846 3525 S.
895 3471 1133 3525 Tibur-tii
1181 3483 1246 3537 (c.
1297 3477 1350 3537 2,
1403 3473 1500 3527 88.
1549 3473 1677 3539 XV,
1722 3491 1783 3540 p.
1826 3420 1989 3534 393,Ρ
2000 3475 2097 3540 qui
2143 3472 2347 3525 libedus
2395 3471 2620 3535 ficticius
2666 3476 2742 3521 est

503 3542 696 3609 plenus
730 3542 972 3609 fraude),
1020 3544 1115 3596 ubi
1151 3544 1368 3610 ‘palatii
1401 3545 1604 3610 reyalis
1651 3544 1987 3596 domesticus’
2024 3544 2266 3609 dicitur]
2446 3544 2505 3610 2)
2554 3540 2739 3605 Praef.

421 3626 473 3666 85
507 3613 727 3680 [Minus
760 3619 896 3665 recte
929 3629 1048 3667 eum
1081 3617 1142 3666 in
1181 3614 1379 3669 chron.
1420 3615 1699 3681 Lauresh.,
1736 3616 1832 3669 SS.
1870 3614 2035 3679 XXI,
2075 3632 2131 3682 p.
2164 3616 2287 3679 358,
2324 3612 2526 3664 Karoli
2560 3611 2742 3663 archi-

507 3685 846 3750 capellanum
899 3689 946 3737 et
999 3688 1276 3737 notarium
1328 3687 1586 3751 laudari,
1640 3688 1703 3738 in
1754 3687 1899 3741 Anu.
1958 3686 2134 3739 Gand.
2146 3722 2161 3750 ,
2216 3684 2311 3736 88.
2367 3684 2455 3749 ΙΙ,
2504 3699 2564 3748 p.
2619 3684 2739 3749 187,

509 3755 822 3808 Hludowici
851 3756 1200 3824 capeaanum,
1247 3758 1391 3809 inter
1424 3772 1600 3809 omnes
1634 3762 1873 3821 constat,·
1920 3760 1989 3823 σῖ.
2026 3756 2217 3820 Sickel,
2254 3755 2392 3806 Acta
2426 3754 2476 3820 I,
2520 3770 2579 3821 p.
2619 3756 2741 3819 105,

509 3828 604 3893 qui
650 3830 828 3893 ipsum
875 3828 1126 3895 epistolas
1172 3830 1562 3895 imperatorum
1608 3831 1819 3881 nomine
1864 3830 2216 3896 composuisse
2262 3829 2449 3878 monet.
2535 3824 2746 3876 Karoli

509 3898 842 3965 capellanum
877 3900 1060 3951 dicunt
1095 3901 1254 3952 etiam
1289 3915 1407 3951 eum
1441 3900 1588 3954 codd.
1625 3900 1961 3953 Pam'sienses
2001 3916 2089 3953 nr.
2131 3899 2307 3953 17056
2342 3896 2426 3962 (N
2423 3900 2535 3947 otre
2568 3896 2743 3947 Dama

419 3980 474 4019 40
514 3971 638 4036 133)
663 3976 710 4021 et
733 3971 889 4025 6187.
926 3986 1056 4025 saec.
1083 3971 1219 4025 XII.
1255 3976 1304 4023 et
1338 3970 1509 4035 XIII,
1549 3970 1969 4023 Vindobonensis
2002 3986 2089 4024 nr.
2128 3972 2233 4024 532
2269 3968 2421 4035 (hist.
2458 3966 2575 4020 eccl.
2617 3968 2742 4034 110)

509 4056 550 4093 s.
608 4040 769 4103 XII;
823 4042 1074 4093 ‘scribam
1127 4042 1461 4094 adim-atum’
1515 4042 1625 4095 cod.
1680 4043 2013 4095 Parisiensis
2065 4057 2153 4095 nr.
2202 4041 2363 4105 4955,
2416 4052 2549 4091 86⁶0.
2604 4036 2741 4105 XI]

510 4108 567 4178 3)
616 4111 760 4166 Ann.
797 4112 964 4166 Einh.
1001 4113 1076 4164 ad
1123 4129 1175 4168 a.
1212 4115 1334 4168 806.
1532 4112 1589 4183 4)
1642 4114 1883 4168 Ermold.
1922 4112 2113 4179 Niqell.
2152 4111 2232 4175 II,
2268 4112 2336 4165 31
2362 4124 2492 4176 sqq„
2527 4106 2743 4173 (Poetae

512 4180 694 4236 Carol.
731 4183 812 4248 II,
855 4200 914 4251 p.
952 4186 1064 4248 25).
1221 4183 1280 4253 5)
1315 4184 1504 4247 Praef.
1539 4188 1693 4239 vitae.
1836 4186 1897 4251 6)
1930 4184 2097 4251 Apud
2130 4183 2394 4247 Neuqart,

513 4250 895 4309 Constantiens.
942 4271 1003 4321 p.
1053 4256 1189 4320 5403
1243 4255 1486 4321 (Becker,
1539 4256 1786 4322 Gataloyi
1830 4256 2268 4308 bibliothecarum
2316 4252 2532 4317 antiqui
2573 4267 2633 4317 p.
2686 4254 2740 4318 8,

419 4333 475 4373 45
510 4337 600 4374 nr.
640 4325 784 4389 155).
982 4324 1037 4395 7)
1091 4325 1234 4380 Hist.
1283 4328 1663 4379 translationis
1710 4328 1807 4382 88.
1856 4327 2171 4379 Marcellini
2214 4329 2263 4377 et
2310 4324 2465 4375 Petri
2510 4321 2558 4387 I,
2609 4338 2651 4377 c.
2692 4325 2740 4378 1.

509 4391 2742 4464 8)Ibid..o1.etdipl.Hludowici,Ghron..Lauresh,l...3lp859(1309

510 4464 647 4531 Imp.
673 4465 714 4516 I
718 4463 740 4493 ²
793 4482 880 4520 nr.
906 4468 1053 4532 569).
1173 4469 1227 4535 9)
1269 4468 1434 4523 Einh.
1472 4472 1665 4535 op.11.
1783 4471 1873 4538 10)
1914 4470 2055 4524 Ibid.
2092 4474 2143 4522 et
2176 4483 2293 4535 epp.
2319 4467 2405 4521 16.
2433 4467 2518 4520 19.
2542 4465 2628 4519 30.
2644 4467 2740 4519 33.
