3221 5163
1255 1370 1907 1455 APPENDIX.

565 1733 886 1786 CARMEN
913 1733 1025 1784 DE
1057 1733 1357 1784 PIPPINI
1386 1731 1622 1785 REGIS
1654 1733 2005 1786 VICTORIA
2043 1734 2363 1788 AVARICA
2400 1737 2467 1791 A.
2496 1738 2613 1792 796.

1185 1839 1281 1890 Ex
1316 1840 1424 1894 cod.
1462 1842 1605 1904 regio
1642 1841 1992 1894 Berolinensi.

516 2029 570 2084 1.
620 2005 887 2089 Omnes
934 2026 1193 2105 gentes,
1289 2026 1454 2085 uasa
1683 2026 1745 2083 4.
1794 2022 1987 2086 Misit
2006 2022 2195 2087 Deus
2214 2022 2497 2088 Petrum
2518 2043 2705 2089 sanc-

401 2133 427 2172 5
1297 2111 1528 2176 fecisti
2505 2106 2698 2195 [tum,

463 2205 562 2277 tu,
614 2199 904 2277 Christe,
956 2199 1089 2263 Dei
1134 2199 1428 2276 sobuleS‚
1633 2199 2012 2283 principem
2062 2200 2475 2283 apostulum,
2678 2197 2681 2200 ’

460 2293 701 2366 terras,
733 2289 984 2364 fontem,
1009 2289 1208 2365 rivos,
1235 2292 1524 2366 montes,
1633 2288 1707 2351 in
1755 2289 2086 2353 auxilium
2136 2289 2414 2373 Pippini

463 2382 534 2443 et
578 2378 897 2442 formasti
943 2378 1309 2452 hominem,
1633 2377 1868 2460 magni
1914 2378 2093 2462 regis
2141 2374 2430 2455 filiumd,

461 2469 742 2543 Avares,
807 2460 1016 2550 quosb
1074 2467 1516 2530 convertisti⁰
1634 2470 1717 2529 ut
1762 2466 1943 2529 viam
1991 2467 2137 2531 eius
2184 2467 2543 2533 comitaret

375 2578 426 2617 ιο
551 2556 816 2621 ultimis
862 2556 1308 2639 temporibus,
1726 2558 1797 2619 et
1843 2555 2262 2621 Francorum
2311 2557 2547 2621 aciem.

509 2686 569 2743 2.
605 2681 833 2744 Multa
855 2680 1036 2744 mala
1053 2681 1190 2744 iam
1209 2680 1528 2745 fecerunt
1684 2686 1744 2742 5.
1815 2680 1961 2744 Rex
2020 2682 2330 2745 accintus
2381 2681 2513 2746 Dei
2573 2682 2699 2745 vir·

465 2770 552 2833 ab
601 2770 830 2833 antico
876 2773 1207 2853 tempore,
2524 2764 2699 2853 [tute

463 2859 630 2921 fana
676 2859 809 2923 Dei
855 2853 1395 2922 dextruxeruntd
1635 2852 2039 2941 Pippinusf‚
2111 2879 2229 2923 rex
2294 2859 2696 2933 catholicus,

465 2952 672 3031 atque
719 2948 1153 3023 monasteria,
1637 2951 1862 3011 castra
1908 2948 2062 3029 figit
2109 2968 2313 3031 super
2360 2949 2613 3013 flumen

377 3058 427 3097 15
463 3056 625 3101 vasa
671 3056 880 3100 aurea
926 3038 1212 3112 sacrata,
1635 3036 1990 3099 albidum*15
2042 3035 2439 3100 Danubium
2463 3038 2504 3114 2,

552 3128 899 3207 argentea,
949 3125 1211 3202 fictilia,
1635 3125 1953 3189 hostibus
2002 3126 2366 3208 accingens
2412 3128 2639 3190 totum

508 3256 568 3313 3.
617 3248 899 3313 Vestem
953 3253 1261 3313 sanctam
1357 3249 1526 3313 ollu-
1723 3214 2030 3296 undique
2078 3214 2437 3297 praeSidia·

1321 3342 1525 3402 erunt
1680 3344 1741 3401 6.
1794 3337 2198 3421 Unguimeri
2228 3338 2394 3401 satis
2420 3359 2693 3422 pavens,

464 3428 549 3492 de
597 3448 716 3490 ara
763 3427 1241 3505 sacratissima,
1633 3427 2014 3489 Avarorum
2062 3446 2331 3509 genere,

373 3539 426 3578 20
463 3516 868 3580 linteamina
913 3516 1164 3581 levitae
1633 3516 1781 3599 regi
1829 3516 2062 3579 dicens
2110 3516 2277 3579 satis
2324 3516 2539 3581 forte:

464 3609 536 3669 et
583 3604 1223 3685 sanctemonialium
1637 3605 1761 3667 ‘Tu
1809 3625 2060 3669 cacane
2108 3604 2429 3687 perdite!'

462 3694 913 3759 muliebribus
959 3694 1330 3757 tradita0·1
1636 3697 1843 3776 atque
1893 3692 2205 3757 Catunae
2252 3693 2542 3770 mulieri,

552 3784 886 3847 suadente
934 3784 1242 3848 demone.
1726 3782 2133 3845 maledictae
2180 3783 2487 3865 coniugi:

463 3955 507 4006 a)
535 3956 613 4003 qui
639 3954 874 3997 Dammzer.
990 3956 1036 4004 b)
1064 3955 1327 4004 Anu-esque
1354 3956 1411 3994 D.
1505 3956 1546 4006 c)
1576 3955 1862 3994 conuertistis
1893 3966 1928 3994 c.
2031 3952 2077 4003 d)
2105 3954 2166 3991 εἰσ
2187 3965 2222 3996 c.
2320 3956 2362 4001 e)
2391 3952 2614 3995 tradatam
2635 3967 2700 4002 c.,·

375 4010 427 4049 25
465 4009 642 4047 tradata
669 4009 724 4051 D.
849 4010 883 4060 1)
913 4010 1074 4057 Pippin
1102 4010 1159 4048 D.
1289 4010 1331 4061 g)
1359 4011 1420 4047 sic
1447 4010 1623 4047 coniecit
1650 4009 1809 4055 Peaet25
1836 4008 1940 4046 alb1⁸
1967 4007 2118 4045 addita
2146 4008 2260 4045 linea
2286 4012 2523 4046 atramento
2552 4020 2632 4057 quo
2661 4013 2700 4047 et

464 4062 617 4100 ultima
645 4063 848 4101 carminis
875 4062 1004 4101 verba
1029 4064 1192 4111 scripta
1211 4067 1310 4101 sunt
1319 4074 1338 4109 ,·
1364 4064 1480 4101 linea
1507 4066 1582 4100 aut.
1601 4073 1645 4101 m
1663 4063 1881 4111 siqnificat
1901 4065 1975 4099 aut
1994 4071 2115 4099 voces
2133 4061 2223 4099 albi
2243 4058 2487 4100 danubium
2504 4067 2697 4110 separat.

466 4202 519 4269 1)
565 4204 605 4257 τ’.
647 4220 688 4257 e.
739 4209 923 4255 vestem
970 4210 1211 4255 sanctam
1259 4208 1307 4255 et
1357 4205 1673 4256 linteamina
1724 4203 2039 4256 mulieribus
2087 4202 2431 4255 tradiderunt
2478 4205 2698 4258 Avares.

465 4274 580 4341 (Cf.
617 4273 761 4330 Hist.
798 4274 1144 4341 Langobar-d.
1183 4276 1290 4327 cod.
1331 4275 1569 4327 Gothum·
1602 4291 1645 4329 c.
1685 4276 1736 4340 9,
1788 4276 1884 4328 SS.
1923 4292 1972 4327 r.
2009 4273 2246 4339 Lanyob.
2282 4292 2335 4342 p.
2377 4277 2471 4329 11:
2525 4274 2701 4327 multa

465 4361 593 4397 vasa
630 4348 956 4413 sanctorum,
995 4362 1136 4412 quae
1171 4345 1252 4397 illi
1290 4345 1536 4399 crudeles
1575 4350 1632 4398 et
1667 4344 1825 4414 impii
1860 4347 2176 4413 rapuerunt,
2203 4361 2301 4412 per
2324 4345 2488 4397 istum
2514 4343 2698 4397 defen·

376 4432 429 4471 30
467 4419 704 4468 satorem
730 4419 830 4483 [sc.
857 4416 1178 4483 Ptjppinum]
1206 4421 1332 4469 sunt
1354 4416 1426 4469 ad
1457 4416 1738 4485 propriam
1762 4416 1983 4470 reversi.
2024 4415 2121 4474 D.)
2250 4417 2308 4485 2)
2335 4416 2448 4480 (Cf.
2474 4415 2705 4467 Paulini

467 4488 651 4554 Aquil.
690 4488 960 4553 dictatum,
999 4487 1111 4542 LL.
1154 4489 1304 4542 Cone.
1341 4488 1422 4553 II,
1455 4506 1511 4557 p.
1539 4491 1672 4543 173:
1714 4504 1877 4555 supra
1912 4487 2058 4555 ripas
2095 4483 2274 4539 Histri
2309 4486 2563 4542 Danubii.
2602 4488 2701 4548 D.)
