3221 5163
6 2509 22 2596 ἡ

376 1495 430 1535 10

375 1936 427 1978 15

374 2381 428 2421 80

374 2823 429 2865 25

374 3836 427 3878 ³5

1044 487 1431 545 EINHARDI
1468 487 1661 544 VITA
1696 486 1998 543 KAROLI
2033 486 2114 544 Μ.
2631 492 2701 545 23

464 672 767 757 pondere
814 672 1095 737 minime
1142 671 1579 755 gravabatur,
1629 692 1786 735 cum
1833 671 2043 736 etiam
2090 672 2408 755 ingentia
2451 672 2700 736 incom-

464 761 671 825 moda
715 761 924 825 laude
969 760 1413 826 liberalitatis
1473 780 1553 823 ac
1615 760 1833 824 bonae
1891 760 2120 824 famae
2181 761 2496 825 mercede
2549 781 2701 825 con-

514 853 804 915 ensaret.

462 871 508 933 P
679 933 819 1001 223*
889 936 1187 1021 Corpore
1209 936 1233 975 1
1291 937 1431 1000 fuit
1500 936 1730 1019 amplo
1793 940 1999 1019 atque
2059 937 2362 1015 robusto,
2435 940 2703 1002 statura

465 1027 819 1104 eminenti,
891 1047 1065 1109 quae
1132 1029 1367 1091 tamen
1434 1026 1692 1089 iustam
1751 1046 1891 1089 non
1951 1026 2354 1091 excederet⁸
2408 1060 2495 1069 —
2538 1047 2701 1090 nam

465 1118 739 1198 septem.
777 1135 1055 1180 suorum
1086 1115 1339 1199 pedum
1378 1114 1864 1198 proceritatem
1897 1115 2043 1179 eius
2077 1117 2350 1179 constat
2381 1114 2701 1179 habuisse

464 1224 858 1269 mensuram
903 1238 1009 1280 --,
1074 1204 1267 1289 apice
1316 1203 1562 1287 capitis
1617 1204 1937 1280 rotundo,
2001 1204 2218 1268 oculis
2266 1204 2702 1288 praegrandi-

465 1292 595 1357 bus
633 1314 712 1358 ac
750 1294 1034 1377 vegetis,
1082 1313 1249 1357 naso
1286 1292 1648 1376 paululum
1689 1286 2279 1358 mediocritatemb
2320 1293 2700 1371 excedenti,

466 1383 720 1447 canitie
781 1382 1072 1467 pulchra
1090 1382 1132 1459 ²,
1201 1381 1382 1446 facie
1451 1381 1638 1446 laeta
1709 1384 1780 1445 et
1848 1381 2114 1444 hilaris
2168 1380 2369 1446 Unde
2437 1381 2703 1447 formae

466 1472 841 1535 auctoritas
860 1471 885 1509 3
930 1492 1009 1535 ac
1057 1471 1361 1553 dignitas
1407 1472 1551 1533 tam
1599 1470 1819 1534 stanti
1857 1490 2062 1552 quam
2101 1471 2373 1535 sedenti
2404 1469 2704 1555 plurima

466 1560 990 1643 adquirebatur3
1040 1580 1452 1642 quamquam
1486 1558 1716 1623 cervix
1748 1558 1999 1623 obesa*
2029 1562 2102 1623 et
2134 1559 2405 1624 brevior
2435 1562 2701 1624 venter-

464 1653 635 1731 que‘⁵
682 1649 1052 1733 proiectior
1072 1648 1097 1687 ⁵
1141 1648 1509 1723 videretur,
1570 1650 1807 1711 tamen
1853 1646 2022 1711 haec
2070 1651 2452 1712 ceterorum
2499 1668 2703 1714 mem-

467 1737 742 1802 brorum
821 1736 1095 1801 celabat
1168 1735 1551 1819 aequalitas
1570 1736 1614 1797 6.
1712 1735 1999 1801 Incessu
2075 1732 2315 1800 firmod
2366 1740 2692 1820 totaque⁰

466 1827 768 1910 corporis
816 1825 1229 1889 habitudine
1274 1824 1490 1901 virili3
1554 1844 1721 1890 voce
1770 1825 1957 1889 clara
2003 1825 2300 1908 quidem,
2358 1826 2477 1889 sed
2526 1846 2701 1908 quae

464 1915 693 1978 minus
741 1915 1043 1997 corporis
1088 1914 1353 1979 formae
1402 1914 1832 1993 conveniret3
1881 1914 2266 1979 valitudine
2312 1934 2638 1998 prospera
2658 1914 2698 1992 ⁷,

463 2007 737 2088 praeter
798 2004 1000 2086 quod,
1068 2005 1438 2086 antequam
1500 2003 1883 2081 decederet,
1948 2023 2070 2087 per
2130 2007 2425 2085 quatuor
2485 2023 2700 2067 annos

466 2092 703 2157 crebro
760 2092 1071 2157 febribus
1132 2091 1651 2176 corripiebatur,
1713 2092 1802 2155 ad
1863 2096 2244 2157 extremum
2305 2092 2514 2156 etiam
2561 2113 2700 2155 uno

466 2182 638 2265 pede
686 2180 1108 2246 claudicaret
1126 2182 1168 2244 ⁸.
1262 2181 1353 2245 Et
1397 2185 1566 2245 tunc
1617 2180 1894 2264 quidem
1940 2181 2142 2264 plura
2187 2200 2311 2245 suo
2358 2181 2701 2246 arbitratu

464 2291 667 2353 quam
727 2270 1147 2335 medicorum
1212 2270 1497 2334 consilio
1560 2269 1884 2346 faciebat,
1955 2290 2126 2352 quos
2183 2290 2403 2353 poene
2463 2290 2700 2334 exosos

464 2358 786 2436 habebat,
858 2360 1041 2441 quod
1104 2360 1168 2423 ei
1221 2360 1293 2421 in
1342 2358 1513 2424 cibis
1560 2379 1730 2434 assa,
1802 2358 2051 2441 quibus
2120 2352 2476 2423 assuetusf
2529 2363 2698 2435 erat,

465 2448 814 2513 dimittere
862 2451 932 2512 et
972 2448 1169 2512 elixis
1214 2448 1616 2512 adsuescere
1663 2447 2068 2511 suadebant.
2158 2447 2623 2512 Exercebatur
2638 2443 2700 2479 *³⁸⁸

464 2537 737 2602 assidue
797 2537 1172 2621 equitando
1192 2536 1217 2573 ⁹
1276 2556 1355 2600 ac
1401 2536 1749 2612 venando;
1822 2536 2005 2618 quod
2064 2535 2217 2600 11118
2267 2536 2699 2620 gentilicium

466 2630 634 2702 erat,
682 2626 845 2709 quia
890 2627 1004 2689 vix
1049 2625 1197 2689 ulla
1241 2625 1316 2687 in
1363 2625 1563 2689 terris
1599 2625 1794 2688 natio
1828 2625 2198 2703 invenitur,
2247 2645 2424 2708 quae
2461 2627 2536 2689 in
2567 2627 2698 2690 hac

466 2707 657 2778 arteh
696 2715 979 2778 Francis
1026 2714 1244 2798 possit
1291 2714 1588 2795 aequari.
1683 2713 2184 2779 Delectabatur
2244 2713 2451 2778 etiam
2498 2734 2697 2797 vapo-

463 2803 654 2866 ribus
716 2824 1046 2886 aquarum
1106 2802 1521 2866 naturaliter
1566 2801 1964 2880 calentium,
2035 2802 2387 2884 frequenti
2448 2805 2698 2866 natatu

466 2912 712 2976 corpus
760 2911 1114 2968 exercens3
1189 2890 1382 2955 cuius
1430 2892 1601 2956 adeo
1651 2891 1913 2975 peritus
1978 2891 2136 2968 fuit,
2200 2894 2280 2954 ut
2339 2890 2574 2954 nullus
2635 2892 2698 2956 ei

463 2981 646 3044 iuste
692 2980 923 3044 valeat
970 2980 1320 3044 anteferri.
1400 2978 1504 3045 Ob
1553 2981 1686 3044 hoc
1734 2979 1942 3044 etiam
1976 2980 2392 3062 Aquisgrani
2437 2980 2700 3062 regiam

694 3162 747 3232 ⁸⁸²)
784 3162 922 3217 Wal.
962 3178 1005 3217 c.
1038 3165 1138 3218 22:
1175 3161 1259 3214 De
1294 3160 1618 3214 habitudine
1655 3159 1896 3229 corporis
1933 3159 2031 3215 sui.

659 3233 745 3303 **)
782 3234 921 3292 Wal,
972 3251 1014 3288 c.
1062 3236 1163 3288 23:
1220 3231 1428 3300 Quibus
1479 3232 1920 3286 exercitamentis
1976 3232 2106 3300 (cod.
2156 3232 2344 3289 Hann.
2360 3250 2379 3284 .·
2436 3231 2698 3286 exercita-

784 3303 1051 3373 cionibus)
1089 3303 1351 3372 precipue
1387 3304 1457 3356 sit
1492 3302 1734 3356 Karolus
1769 3302 2083 3359 delectatus.

464 3480 508 3533 a)
536 3492 791 3521 mensuram
819 3483 921 3523 add.
948 3482 988 3519 A
1004 3482 1052 3532 23
1082 3482 1177 3529 (qui
1207 3486 1239 3524 t.
1261 3481 1348 3530 02)
1378 3482 1542 3520 iustum
1569 3493 1661 3520 non
1688 3478 1844 3520 exced.
1870 3478 2052 3520 modum
2080 3482 2165 3523 01.
2189 3482 2229 3520 2.
2313 3482 2360 3530 0)
2387 3482 2435 3520 111
2465 3479 2700 3521 mediocri-

465 3541 602 3600 tatem
629 3536 669 3573 A
689 3537 729 3575 1.
760 3536 785 3574 3
814 3533 878 3585 (in
906 3535 1143 3586 capanea).
1272 3536 1312 3584 c)
1342 3542 1434 3598 que·
1456 3546 1541 3574 om.
1570 3535 1612 3574 B
1631 3536 1670 3574 1.
1809 3534 1854 3638 d}
1881 3533 2052 3574 firmior
2078 3535 2119 3573 A
2137 3535 2178 3574 8.
2316 3537 2356 3582 e)
2386 3545 2475 3584 que
2505 3557 2554 3564 —
2583 3546 2700 3584 quae

464 3600 611 3628 111111118
640 3599 723 3628 om.
754 3590 790 3628 C
806 3590 844 3631 2.
954 3590 991 3637 f)
1018 3592 1221 3628 assuetus
1250 3609 1300 3616 —
1331 3589 1461 3627 elixis
1487 3599 1569 3629 om.
1601 3588 1641 3627 B
1660 3589 1699 3631 1.
1807 3598 1834 3634 g
1880 3588 1922 3626 ei
1949 3587 1989 3624 A
2009 3589 2049 3626 1.
2161 3588 2208 3636 h)
2237 3598 2289 3626 ac
2317 3593 2448 3637 parte
2477 3588 2568 3628 02.
2654 3645 2658 3650 .

465 3751 518 3817 1)
577 3749 660 3815 Gr.
713 3749 851 3803 Suet.
899 3749 1013 3802 Tib.
1066 3763 1107 3808 c,
1152 3750 1250 3803 68:
1303 3745 1545 3815 Corpore
1594 3746 1700 3798 fuit
1751 3746 1935 3814 amplo
1986 3749 2151 3814 atque
2198 3747 2441 3815 robusto,
2493 3750 2701 3801 statura

462 3837 603 3888 quae
640 3820 839 3873 iustam
878 3817 1195 3885 excederet,
1250 3820 1422 3884 Caliy.
1465 3834 1505 3873 c.
1544 3821 1642 3873 50:
1682 3816 1907 3870 Statura
1942 3815 2049 3870 fuit
2086 3817 2364 3873 eminenti.
2507 3819 2565 3884 2)
2610 3819 2697 3883 Cf.
2798 3849 2802 3891 :

464 3893 602 3946 Suet.
662 3891 847 3946 Claud.
904 3906 944 3944 c.
990 3893 1089 3945 30:
1146 3890 1465 3942 Auctoritas
1525 3887 1871 3958 dignitasque
1932 3889 2143 3942 formae
2204 3907 2316 3942 non
2376 3888 2551 3943 defuit
2608 3890 2699 3943 vel
2797 3916 2802 3928 ·

463 3962 630 4014 stanti
679 3962 765 4015 vel
817 3961 1029 4014 sedenti
1081 4004 1092 4015 .
1135 4003 1146 4014 .
1189 4003 1201 4015 .
1250 3977 1379 4013 nam
1432 4003 1443 4014 .
1485 4003 1496 4014 .
1538 4002 1549 4014 .
1609 3963 1725 4012 erat
1781 3962 1838 4012 et
1892 3959 2076 4027 specie
2129 3960 2436 4028 canitieque
2489 3960 2696 4028 pulcra,

462 4033 519 4101 3)
558 4033 724 4098 (Suet.
759 4034 865 4087 Tit.
903 4049 943 4087 c.
971 4037 1035 4086 3:
1074 4031 1251 4084 forma
1289 4031 1511 4100 egregia
1547 4033 1603 4083 et
1640 4030 1728 4084 cui
1764 4047 1877 4083 non
1911 4031 2092 4084 minus
2128 4031 2466 4084 auctoritatis
2496 4029 2714 4085 inesset·
2797 4066 2802 4078 ·

463 4120 629 4171 quam
666 4103 915 4172 gratiae).
1068 4102 1125 4172 4)
1165 4102 1303 4156 Suet.
1342 4104 1486 4154 Nero
1522 4118 1563 4157 c.
1590 4104 1695 4157 51:
1743 4101 1953 4155 cervice
1991 4102 2172 4171 obesa,
2207 4106 2399 4155 ventre
2433 4102 2696 4171 proiecto,
2797 4151 2801 4159 .

464 4175 520 4242 5)
559 4175 699 4228 Suet.
734 4176 834 4228 Tit.
874 4190 917 4228 c.
942 4177 1007 4229 3:
1044 4178 1235 4226 ventre
1271 4173 1436 4240 paulo
1474 4172 1819 4241 proiectiore.
1965 4173 2018 4241 6)
2059 4174 2145 4238 Cf.
2184 4175 2324 4228 Suet.
2349 4175 2490 4240 Auy.
2528 4191 2569 4230 c.
2594 4178 2694 4230 79:

464 4249 729 4298 staturam
766 4245 991 4298 brevem
1030 4288 1041 4299 .
1074 4288 1085 4300 .
1118 4288 1129 4299 .
1171 4244 1265 4297 sed
1304 4261 1441 4311 quae
1480 4288 1491 4299 .
1522 4287 1532 4298 .
1564 4287 1575 4299 .
1617 4244 1889 4312 aequitate
1925 4245 2299 4298 membrorum
2336 4245 2695 4300 occuleretur.

462 4316 518 4386 7)
560 4317 644 4380 Cf.
684 4316 823 4369 Suet.
866 4317 1053 4370 Claud.
1091 4332 1133 4370 c.
1171 4319 1271 4371 311
1309 4314 1632 4368 Valitudine
1670 4358 1682 4372 .
1724 4358 1736 4371 .
1776 4358 1788 4371 .
1826 4332 2087 4384 prospera
2125 4333 2251 4369 usus
2290 4319 2388 4371 est.
2507 4318 2564 4384 8)
2611 4316 2694 4380 Cf.

462 4388 607 4443 Suet.
642 4388 784 4454 Auy.
835 4402 875 4440 c.
914 4389 1015 4442 801
1066 4402 1226 4440 crure
1262 4386 1477 4438 sinistro
1513 4402 1626 4439 non
1667 4386 1895 4454 perinde
1929 4387 2164 4454 valebat,
2215 4391 2279 4440 ut
2327 4405 2489 4456 saepe
2531 4386 2696 4441 etiam

464 4456 869 4511 inclaudicaret.
1018 4457 1072 4527 9)
1112 4457 1252 4513 Suet.
1288 4458 1391 4514 Tit.
1430 4474 1469 4513 c.
1505 4460 1567 4514 3:
1606 4458 1964 4526 peritissimus
2002 4458 2297 4527 equitandi.
