3221 5163
412 1318 536 1371 783.

568 506 645 562 20
1156 500 1543 557 ΕΙΝῊΑΒΒῙ
1578 500 1774 557 VITA
1809 500 2108 557 KAROLI
2141 502 2227 561 M.

572 688 659 753 de
691 708 825 771 qua
862 687 970 753 eia
1008 688 1151 751 filia
1180 680 1499 753 nomineb
1537 685 1927 749 Adaltrud⁰
1967 689 2136 749 nata
2171 690 2295 764 est,
2345 691 2418 753 et
2446 688 2898 773 Reginam(“‘

571 798 747 861 quae
806 777 871 841 ei
919 776 1312 859 Drogonem
1372 779 1444 841 et
1501 775 1784 855 Hugum
1849 775 2108 858 genuit,
2172 779 2245 840 et
2288 771 2801 851 Adallindem‘1‚

571 886 655 931 ex
721 886 859 949 qua
922 866 1461 930 Theodericum⁰
1516 864 1922 947 procreavit.
2027 864 2256 929 Mater
2321 886 2590 949 quoque
2659 866 2806 929 eius

570 947 1002 1020 Berthradaf
1043 955 1118 1017 in
1164 974 1416 1037 magno
1463 953 1647 1037 apud
1703 973 1860 1016 eum
1907 953 2166 1019 honore
2212 955 2592 1019 consenuit.
2687 952 2806 1018 Oo-

572 1044 762 1108 lebat
810 1044 989 1107 enim
1040 1062 1191 1107 eam
1252 1063 1409 1107 cum
1470 1046 1781 1107 summa¹3
1830 1043 2232 1118 reverentia,
2303 1044 2404 1107 ita
2463 1046 2544 1106 ut
2612 1042 2805 1105 nulla
2853 1066 2884 1106 a

572 1152 898 1215 umquam
944 1131 1237 1197 invicem
1286 1132 1379 1195 sit
1416 1134 1656 1195 exorta
1687 1129 2046 1205 discordia,
2096 1138 2372 1213 praeter
2401 1132 2474 1195 in
2507 1132 2805 1207 distortio

573 1221 758 1285 filiae
834 1220 1177 1285 Desiderii
1251 1220 1453 1302 regis,
1530 1240 1738 1302 quam
1813 1218 1938 1282 illa
2015 1221 2348 1284 suadente
2425 1214 2802 1304 acceperat.
2858 1219 2871 1227 ’

574 1302 928 1373 Decessith
973 1308 1254 1373 tandem
1276 1308 1299 1347 1
1347 1312 1503 1393 post
1549 1310 1842 1371 mortem
1892 1302 2416 1391 Hildigardae¹,
2465 1330 2621 1373 cum
2665 1309 2804 1372 iam

573 1401 713 1463 tres
780 1401 1067 1481 nepotes
1135 1418 1291 1461 suos
1358 1397 1788 1479 totidemque
1847 1400 2091 1480 neptes
2148 1398 2224 1460 in
2283 1398 2412 1461 filii
2467 1400 2670 1463 domo
2713 1399 2807 1461 vi·

573 1487 804 1551 disset.
900 1486 1121 1565 Quam
1183 1486 1303 1550 ille
1362 1487 1435 1549 in
1496 1486 1736 1550 eadem
1791 1485 2092 1557 basilica,
2162 1508 2302 1570 qua
2369 1492 2569 1571 pater
2634 1487 2806 1550 situs
2849 1511 2906 1549 10

574 1580 697 1651 est,
746 1576 931 1660 apud
978 1576 1307 1639 Sanctum
1356 1575 1767 1651 Dion-isium,
1830 1594 2079 1657 magno
2127 1596 2284 1639 cum
2331 1579 2592 1641 honore
2635 1576 2808 1639 fecit

573 1665 865 1728 humari.
957 1665 1127 1728 Erat
1174 1666 1238 1728 ei
1282 1665 1489 1727 unica
1543 1684 1732 1727 soror
1792 1664 2070 1728 nomine
2117 1662 2330 1740 Gisla,
2391 1686 2432 1728 a
2489 1664 2807 1748 puellari-

574 1755 701 1818 bus
779 1754 976 1817 annis
1053 1753 1413 1836 religiosae
1496 1752 1999 1816 conversationi
2088 1754 2510 1837 mancipata,
2603 1774 2808 1836 quam

574 1842 893 1907 similiter
936 1845 1019 1904 ut
1080 1848 1368 1906 matrem
1416 1861 1669 1923 magna
1715 1840 1931 1904 coluit
1985 1842 2265 1925 pietate.
2292 1850 2323 1863 “
2360 1841 2551 1921 Quae
2597 1842 2807 1906 etiam

574 1932 812 2015 paucis
858 1934 1021 1995 ante
1068 1931 1334 1994 obitum
1381 1930 1570 1992 illius
1619 1930 1816 1993 anuis
1880 1928 1955 1992 in
2023 1950 2104 1995 eo
2173 1926 2352 2014 quok
2407 1935 2809 1996 conversata
2848 1954 2906 1992 ιε»

576 2024 681 2085 est
727 2019 1140 2083 monasterio
1161 2020 1185 2057 2
1233 2019 1544 2083 decessit.

793 2114 894 2171 19.
965 2108 1245 2172 Liberos
1294 2128 1452 2171 suos
1495 2108 1600 2171 ita
1649 2106 1916 2171 censuit
1970 2107 2454 2186 instituendos,
2523 2111 2606 2171 ut
2662 2111 2808 2170 tam

575 2197 703 2260 filii
770 2218 976 2280 quam
1044 2190 1263 2261 filiae¹
1324 2197 1543 2280 primo
1614 2195 2018 2260 liberalibus
2086 2198 2352 2272 studiis,
2423 2198 2671 2280 quibus
2737 2199 2810 2261 et

575 2288 721 2369 ipse
769 2306 1044 2369 operam
1094 2285 1326 2360 dabat,
1388 2284 1846 2349 erudirentur.
1940 2284 2114 2347 Tum
2184 2286 2381 2362 filios,
2454 2306 2606 2349 cum
2679 2286 2808 2369 pri·

576 2396 765 2438 mum
812 2378 1003 2437 aetas
1051 2374 1463 2458 patiebatur,
1513 2394 1702 2437 more
1749 2373 2170 2437 Francorum
2215 2376 2545 2457 equitare,
2601 2374 2808 2437 armis
2845 2396 2907 2434 20

578 2484 657 2527 ac
725 2464 1138 2527 venatibusm
1187 2463 1483 2527 exerceri
1551 2463 1742 2538 fecit,
1813 2461 1990 2525 filias
2010 2461 2036 2500 ⁸
2097 2482 2256 2527 vero
2327 2463 2627 2527 lanificio
2697 2464 2808 2526 ad·

577 2571 887 2618 suescere
921 2551 1205 2639 coloque
1236 2557 1359 2618 ac¹²
1388 2552 1565 2628 quO,
1600 2572 1688 2615 ne
1720 2571 1841 2635 per
1871 2551 2089 2616 otium
2120 2554 2496 2636 torperent,
2530 2573 2806 2638 operam

575 2642 670 2705 im
722 2643 971 2706 endere
1031 2645 1238 2724 atque
1298 2643 1387 2704 ad
1446 2660 1718 2705 omnem
1778 2642 2213 2705 honestatem
2275 2641 2531 2706 erudiri
2585 2642 2805 2706 iussit.

578 2731 679 2794 Ex
781 2731 889 2794 his
958 2730 1277 2794 omnibus
1346 2729 1517 2793 duos
1584 2732 1861 2792 tantum
1923 2728 2101 2794 filios
2162 2733 2233 2793 et
2296 2749 2507 2794 unam
2571 2730 2804 2806 filiam,

578 2820 975 2904 priusquam
1044 2821 1491 2894 moreretur⁰‚
1564 2819 1814 2895 amisit,
1886 2818 2220 2882 Karolum
2241 2819 2286 2892 4,
2358 2820 2477 2902 qui
2546 2820 2800 2882 maiorl’
2845 2840 2903 2878 2⁵

578 2912 751 2972 natu
818 2914 986 2985 erat,
1066 2912 1137 2972 et
1205 2907 1575 2991 Pippinum
1596 2906 1639 2982 ⁵,
1718 2927 1920 2989 quem
1994 2927 2227 2990 regem
2297 2908 2546 2972 Italiae
2623 2929 2809 2991 prae-

577 2998 857 3075 fecerat,
922 3000 993 3061 et
1047 2994 1702 3066 Hruodtrudem‘l·⁶‚
1765 3016 1939 3078 quae
2000 2995 2297 3060 filiarum
2359 2997 2504 3061 eius
2565 2997 2808 3080 primo-

578 3087 817 3168 genita
876 3089 946 3150 et
1008 3107 1048 3148 a
1096 3083 1552 3148 Constantino
1601 3083 1975 3148 Grecorum
2043 3085 2456 3168 imperatore
2527 3087 2808 3169 despon-

579 3178 729 3239 sata
776 3179 923 3238 erat
946 3173 985 3236 ⁷.
1065 3173 1370 3252 Quorum
1419 3172 1754 3257 Pippinus
1799 3179 2056 3236 unumr
2096 3172 2316 3236 filium
2363 3194 2561 3237 suum
2604 3175 2809 3238 Bern-

808 3380 861 3451 *)
899 3381 1038 3435 Wal.
1089 3395 1130 3434 c.
1170 3383 1265 3436 20:
1320 3378 1428 3448 Qui
1464 3378 1532 3434 de
1568 3377 1696 3432 filiis
1731 3380 1840 3432 suis
1877 3382 2006 3432 ante
2055 3382 2292 3433 mortem
2340 3378 2508 3448 ipsius
2558 3379 2808 3448 obierint,
2846 3395 2905 3436 ao

899 3455 954 3505 et
1003 3468 1111 3518 qua
1158 3449 1332 3504 filium
1383 3467 1446 3502 ac
1487 3449 1629 3502 filias
1665 3450 1847 3518 Pipini
1896 3449 1997 3502 filii
2047 3451 2129 3502 sui
2179 3450 2386 3518 pietate
2434 3451 2704 3520 nutrierit,
2756 3456 2811 3505 et

900 3539 1063 3591 quam
1100 3539 1287 3575 curam
1322 3521 1562 3574 filiorum
1598 3538 1662 3574 ac
1698 3521 1935 3574 filiarum
1972 3537 2188 3576 suarum
2223 3521 2492 3576 habuerit.

580 3719 625 3772 a)
664 3719 729 3758 illi
757 3720 844 3758 01.
876 3719 914 3761 2.
1048 3718 1094 3769 b)
1131 3729 1295 3758 nomon
1324 3718 1416 3756 Al.
1447 3718 1551 3767 Bl3
1586 3718 1695 3756 noffi
1719 3717 1766 3754 in
1794 3717 2023 3765 archetypo
2051 3717 2187 3763 Mese
2213 3718 2394 3760 videtur.
2527 3718 2568 3769 c)
2606 3718 2810 3758 Adatrud

579 3773 621 3812 Β
638 3773 712 3823 1*;
741 3769 998 3811 Adalthrud
1026 3772 1120 3822 013
1152 3771 1385 3810 Adatrhud
1413 3772 1507 3812 Ab.
1615 3771 1664 3818 d)
1694 3768 1937 3809 Adallinda
1963 3770 2060 3818 025
2092 3770 2378 3810 Adallindam
2403 3771 2498 3811 Aa.
2520 3772 2650 3822 B1*;
2671 3770 2811 3811 Adul-

580 3823 759 3865 trudem
786 3826 880 3864 131.
1017 3825 1059 3876 o)
1097 3825 1393 3864 'rheodricum
1420 3825 1461 3862 A
1479 3828 1515 3865 1.
1544 3825 1583 3862 2.
1616 3824 1698 3870 P.,·
1723 3821 2022 3862 'l'eodoricum
2049 3824 2135 3863 02.
2271 3825 2308 3872 f)
2344 3823 2567 3867 Bertrada
2595 3826 2687 3865 Δ2.
2719 3826 2807 3866 02.
2847 3828 2904 3868 35

580 3879 629 3930 g)
665 3889 825 3927 magna
851 3880 946 3918 A2.
978 3879 1017 3917 3.
1155 3878 1202 3929 h)
1240 3877 1534 3925 Decessitque
1565 3878 1650 3916 01.
1685 3879 1724 3916 2.
1753 3877 1796 3915 J.
1933 3876 1966 3927 i)
2003 3877 2275 3926 Hildegarde
2302 3879 2396 3918 Al.
2428 3879 2514 3918 02.
2545 3879 2595 3917 P.
2609 3890 2627 3924 ,·
2655 3877 2809 3918 Hilde-

580 3933 717 3991 εει-(19
746 3933 787 3972 h.
821 3933 851 3970 l.
881 3933 985 3980 A33
1014 3929 1321 3979 Hildegharde
1348 3931 1443 3970 Ab.
1554 3930 1601 3981 k)
1631 3930 1710 3969 ubi
1737 3931 1822 3971 02.
1933 3929 1965 3980 1)
1994 3935 2180 3980 nepotes
2208 3932 2293 3970 04.
2404 3933 2464 3980 m)
2496 3933 2808 3972 venationibus

580 3986 684 4036 B1;
714 3986 889 4025 venatis
917 3986 1011 4026 A2.
1144 3985 1191 4036 n)
1220 3990 1266 4024 et
1293 3985 1387 4022 A2.
1520 3984 1562 4031 ο)
1592 3984 1832 4023 moriretur
1861 3983 1952 4022 Bl.
1984 3983 2050 4022 1¹⁸¹.
2081 3983 2121 4036 3,
2151 3994 2229 4025 sec.
2261 3996 2392 4022 manu
2419 3995 2532 4027 corr.
2560 3991 2810 4025 moreretur

580 4039 621 4078 A
642 4041 678 4080 1.
763 4037 811 4089 p)
839 4044 949 4077 natu
974 4039 1116 4077 maior
1145 4038 1237 4079 A2.
1267 4039 1353 4076 01.
1446 4037 1490 4084 q)
1519 4034 1835 4075 Hruodrudem
1861 4037 1902 4074 A
1921 4037 1960 4078 1.
1986 4037 2068 4083 1².,·
2093 4036 2395 4076 Hrodtrudem
2423 4039 2464 4076 A
2481 4039 2521 4081 3.
2552 4039 2602 4088 53
2632 4036 2809 4078 Emod-

582 4091 789 4131 thracem
817 4092 851 4131 0
870 4093 914 4144 1;
952 4092 1214 4131 Rottrudem
1244 4091 1279 4130 0
1296 4091 1335 4130 2.
1446 4091 1487 4139 r)
1514 4089 1697 4128 unicum
1724 4091 1764 4129 Β
1780 4089 1844 4129 1¹⁸.
1876 4090 1916 4129 2.
2845 4095 2906 4134 40

1376 4167 1420 4235 1..
1450 4165 1459 4175 .

582 4268 636 4339 1)
686 4270 754 4324 Α.
794 4272 914 4325 783.
1093 4270 1148 4336 2)
1203 4269 1337 4320 Gala
1370 4267 1527 4320 dioec.
1564 4265 1909 4322 Pamienm,
1953 4266 2067 4319 JA.
2246 4267 2304 4333 3)
2355 4269 2436 4334 Cf.
2488 4267 2630 4324 Suet.
2667 4269 2809 4335 Auy.

578 4357 621 4395 ο.
660 4343 759 4396 64:
806 4339 1010 4392 Filiam
1048 4342 1103 4392 et
1137 4342 1328 4406 neptes
1379 4337 1458 4388 ita
1506 4336 1762 4402 instituit,
1814 4339 1876 4389 ut
1926 4337 2091 4390 etiam
2141 4335 2380 4392 lanificio
2432 4339 2809 4394 assuefaceret.

579 4414 636 4480 4)
691 4411 832 4464 obiit
877 4429 929 4466 a.
967 4414 1091 4467 811.
1279 4409 1334 4479 5)
1389 4408 1531 4460 Obiit
1580 4424 1631 4463 a.
1671 4410 1791 4463 810.
1983 4410 2038 4475 6)
2100 4408 2240 4462 Obiit
2290 4411 2459 4463 eodem
2508 4426 2652 4464 anno
2686 4413 2812 4466 810.

582 4485 637 4552 7)
680 4485 740 4538 V.
779 4484 924 4535 Ann.
961 4482 1228 4537 Lauro-eh.
1264 4487 1311 4534 a
1347 4479 1547 4535 Mosell.
1584 4495 1636 4533 a.
1664 4481 1783 4534 781.
