3221 5163
358 885 483 938 818.

257 2242 298 2269 ο.
322 2228 430 2268 Nov.
448 2230 488 2268 1.

368 2284 489 2338 814.

260 2354 365 2394 Ian.
385 2354 489 2407 (22).

304 3118 405 3157 Ian.
424 3118 490 3158 28.

504 520 575 573 30
1087 511 1475 569 EINHARDI
1513 511 1704 567 VITA
1741 511 2042 569 KAROLI
2076 511 2157 568 M.

507 698 789 763 circium
848 696 1414 773 nordwestroni⁸,
1476 697 2038 780 septemtrionem
2098 688 2494 773 nordronib,
2557 696 2740 778 aqui-

504 787 735 852 lonem
781 786 1261 851 nordostroni⁰
1276 837 1291 862 ,
1339 785 1744 849 vulturnum
1790 779 2297 849 ostnordronid.

718 872 859 939 30:⁸²
926 874 1250 938 Extremo
1303 874 1489 938 vitae
1532 876 1862 956 tempore,
1925 895 2082 938 cum
2136 874 2274 937 iam
2335 876 2444 937 611θ
2502 874 2739 937 morbo

505 970 577 1029 et
622 966 979 1029 senectute
1038 965 1482 1046 premeretur,
1540 956 1944 1026 evocatumf
1998 963 2087 1027 ad
2146 982 2217 1027 se
2266 961 2736 1026 Hludoicumss

505 1054 745 1131 filium,
781 1052 1199 1135 Aquitaniae
1230 1071 1482 1135 regem,
1532 1040 1653 1133 q‘fii
1683 1048 1868 1115 solus
1902 1051 2197 1115 filiorum
2232 1043 2734 1134 Hildigardaell

505 1145 880 1226 supererat,
938 1140 1372 1224 congregatis
1419 1140 1896 1224 sollempniter
1942 1141 2028 1205 de
2073 1142 2226 1204 toto
2273 1160 2486 1224 regno
2535 1140 2740 1203 Fran-

506 1251 739 1296 corum
810 1229 1241 1314 primoribuS,
1319 1234 1727 1293 cunctorum
1797 1228 2084 1293 consilio
2153 1231 2538 1293 consortem
2607 1229 2740 1293 sibi

505 1319 723 1384 totius
790 1320 988 1404 regni
1057 1321 1128 1383 et
1196 1317 1573 1401 imperialis
1637 1317 1934 1382 nominis
1982 1318 2306 1382 heredem
2353 1317 2737 1394 constituit,

505 1408 961 1492 impositoque
1052 1406 1267 1491 capiti
1357 1407 1503 1471 eius
1596 1406 2004 1483 diademate,
2097 1406 2577 1490 imperatorem
2669 1409 2741 1471 et

506 1500 877 1580 augustum
923 1496 1123 1561 iussit
1170 1495 1526 1580 appellari.
1606 1495 2019 1579 Susceptum
2066 1498 2171 1559 est
2218 1496 2347 1560 hoc
2396 1496 2542 1559 eius
2589 1515 2740 1559 con·

506 1586 737 1649 silium
784 1586 872 1650 ab
920 1584 1237 1649 omnibus
1285 1586 1404 1668 qui
1450 1585 1742 1649 aderant
1776 1605 2024 1669 magno
2057 1604 2212 1648 011111
2259 1584 2496 1648 favore
2515 1606 2529 1662 ;
2579 1605 2739 1647 nam

507 1676 837 1739 divinitus
899 1674 964 1739 ei
1027 1676 1309 1757 propter
1374 1668 1607 1757 regnii
1667 1673 2050 1737 utilitatem
2107 1673 2475 1738 videbatur
2535 1673 2740 1757 inspi-

505 1767 754 1827 ratum.
848 1763 1196 1845 Auxitque
1256 1763 1688 1827 maiestatem
1745 1764 1891 1826 eius
1951 1764 2082 1827 hoc
2142 1762 2407 1826 factum
2468 1755 2573 1826 et¹
2635 1782 2739 1826 ex-

504 1852 671 1917 teris
716 1852 1115 1916 nationibus
1152 1872 1292 1915 non
1328 1852 1690 1915 minimum
1726 1852 2007 1916 terroris
2051 1851 2361 1915 incussit.
2442 1851 2740 1915 Dimisso

507 1925 757 2005 deinde
815 1941 890 2003 in
938 1935 1386 2023 Aquitaniam
1445 1939 1608 2016 filio,
1680 1940 1828 2023 ipse
1888 1959 2076 2004 more
2134 1918 2372 2017 solitos
2430 1939 2739 2021 quamvis

506 2032 863 2095 senectute
910 2029 1288 2106 confectus,
1335 2050 1477 2093 non
1522 2029 1728 2113 longe
1767 2049 1808 2093 a
1852 2029 2045 2111 regia
2076 2028 2384 2111 Aquensi
2413 2032 2737 2092 venatum

506 2119 979 2203 proficiscitur,
1052 2120 1427 2200 exactoque
1495 2111 1604 2180 in¹
1666 2117 2143 2182 huiuscemodi
2209 2117 2490 2201 negotio
2559 2118 2742 2199 quod

506 2208 849 2290 reliquum
896 2211 1045 2271 erat
1082 2206 1417 2283 autumni,
1468 2206 1648 2270 circa
1680 2206 2033 2271 Kalendas
2065 2206 2470 2270 Novembris
2504 2206 2742 2288 Aquis·

510 2290 752 2379 granik
778 2296 1169 2360 revertitur.
1241 2290 1616 2377 Cumque**
1646 2295 1747 2358 ibi
1776 2296 2132 2371 hiemaret,
2160 2313 2391 2358 mense
2415 2294 2741 2358 Ianuario

508 2385 703 2449 febre
748 2383 979 2448 valida
1025 2387 1380 2467 correptus
1428 2384 1779 2449 decubuit.
1873 2382 2010 2463 Qui
2069 2383 2326 2460 statim,
2388 2388 2468 2447 ut
2530 2384 2603 2445 in
2647 2384 2742 2446 fe-

511 2474 747 2537 bribus
793 2472 1079 2551 solebat,
1130 2473 1266 2538 cibi
1314 2473 1443 2537 sibi
1490 2472 1984 2537 abstinentiam
2030 2472 2302 2549 indixit,
2365 2472 2742 2535 arbitratus

511 2564 639 2627 hac
687 2561 1114 2628 continentia
1159 2562 1471 2627 morbum
1521 2583 1718 2647 posse
1758 2561 2013 2646 depelli
2043 2561 2154 2626 vel
2191 2564 2377 2627 certe
2415 2562 2740 2646 mitigari.

511 2651 647 2716 Sed
694 2653 1067 2717 accedente
1127 2653 1215 2716 ad
1274 2652 1539 2717 febrem
1593 2652 1832 2716 lateris
1879 2645 2148 2716 dolore¹
2169 2703 2182 2730 ,
2245 2671 2448 2734 quem
2497 2649 2743 2715 Graeci

510 2740 857 2824 pleuresin
904 2741 1165 2820 dicunt,
1214 2741 1471 2824 illoque
1520 2741 1748 2805 adhuc
1793 2741 2094 2805 inediam
2134 2741 2475 2805 retinente
2519 2759 2742 2822 neque

512 2851 757 2914 corpus
802 2829 1007 2894 aliter
1053 2851 1258 2913 quam
1302 2831 1650 2894 rarissimo
1697 2833 1868 2913 potu
1930 2831 2385 2906 sustentante,
2449 2829 2742 2912 septimo

510 2923 875 3002 postquam
923 2919 1254 2983 decubuit
1301 2919 1445 3000 die,
1483 2939 1677 2982 sacra
1715 2919 2193 2982 communione
2240 2921 2585 3001 percepta,
2635 2917 2743 2980 de·

511 3009 734 3085 cessit,
806 3028 988 3072 anno
1048 3008 1298 3072 aetatis
1356 3027 1520 3072 suae
1567 3006 2072 3091 septuagesimo
2133 3007 2462 3084 secunde„
2495 2994 2598 3070 ἐτ’
2661 3025 2744 3069 ex

512 3118 646 3179 quo
691 3116 981 3180 regnare
1028 3098 1347 3180 coeperat
1392 3096 1914 3179 quadragesimo
1949 3095 2241 3180 septimo
2273 3094 2356 3159 V.
2391 3095 2742 3158 Kalendas

511 3185 889 3262 Februarii,
938 3187 1110 3249 hora
1156 3185 1295 3249 diei
1338 3184 1570 3248 tertia.

727 3279 832 3336 31.
904 3272 1168 3358 Corpus
1228 3294 1415 3338 more
1476 3273 1843 3357 sollempni
1901 3273 2124 3337 lotum
2184 3275 2253 3337 et
2309 3275 2625 3337 curatum
2673 3275 2742 3336 et

512 3363 809 3426 maximo
852 3363 1071 3426 totius
1117 3362 1357 3446 populi
1403 3362 1597 3425 luctu
1646 3363 1973 3427 ecclesiae
2025 3362 2320 3425 inlatum
2371 3364 2577 3444 atque
2624 3361 2743 3423 hu·

512 3454 775 3516 matum
823 3454 948 3515 est.
1041 3451 1455 3515 Dubitatum
1506 3455 1609 3516 est
1658 3452 1897 3534 primo,
1947 3451 2069 3514 ubi
2114 3451 2405 3534 reponim
2438 3449 2739 3526 deberet,

513 3561 594 3605 6ο
640 3541 824 3624 quod
869 3540 1016 3623 ipse
1062 3540 1257 3604 vivus
1304 3541 1389 3605 de
1437 3541 1567 3604 hoc
1628 3541 1805 3603 nihil
1865 3540 2345 3623 praecepisset.
2437 3539 2743 3604 Tandem

513 3631 818 3694 omnium
879 3629 1125 3693 animis
1186 3629 1364 3694 sedit
1416 3650 1754 3712 nusquam
1803 3649 1959 3692 eum
2006 3629 2364 3692 honestius
2409 3627 2744 3690 tumulari

740 3812 794 3884 *)
832 3811 969 3867 Wal.
1025 3827 1066 3863 c.
1104 3813 1205 3867 32:
1258 3808 1549 3879 Quomodo
1593 3807 1949 3862 Lodowicum
2000 3808 2177 3862 filium
2229 3826 2388 3862 suum
2445 3807 2742 3877 imperialis

829 3881 1081 3951 potencie
1118 3899 1181 3935 ac
1217 3881 1453 3934 nominis
1488 3880 1746 3934 heredem
1785 3880 2049 3935 statuerit.

705 3954 792 4025 **)
832 3954 965 4008 Wal.
1018 3971 1059 4009 c.
1097 3956 1196 4009 33:
1236 3951 1432 4007 Obitus
1478 3955 1575 4004 et11
1619 3951 1900 4020 sepultura
1938 3949 2134 4004 Karoli
2170 3949 2364 4020 Magni
2400 3949 2743 4018 imperatoris

830 4025 887 4078 in
926 4023 1276 4094 Aquisgrani.

513 4187 557 4238 a)
593 4183 970 4225 norduuuestroni
996 4185 1100 4235 „113
1134 4184 1498 4224 nordiuuestroni
1525 4183 1628 4233 2123
1665 4182 2145 4223 northwestronowind
2170 4183 2265 4222 At.
2395 4182 2440 4233 b)
2477 4183 2743 4222 nox-throno-

512 4237 636 4278 wind
663 4239 758 4278 Δ5.
896 4237 939 4289 0)
970 4236 1268 4278 nordostronii
1295 4238 1400 4286 2113
1429 4236 1717 4276 nordostroni
1744 4237 1838 4286 013
1869 4236 2310 4275 northostronowind
2338 4236 2433 4276 A5.
2571 4233 2616 4284 d)
2653 4241 2743 4274 ost·

512 4293 725 4332 nordroni
744 4293 838 4342 013
869 4289 1309 4331 ostnorthronowind
1328 4291 1423 4330 A5.
1508 4290 1553 4342 6)
1581 4301 1666 4329 om.
1686 4290 1774 4331 Al.
1855 4290 1890 4341 f)
1918 4294 2126 4328 vocatum
2144 4289 2185 4327 A
2201 4293 2237 4331 1.
2261 4289 2310 4330 P.
2344 4289 2401 4330 W.
2415 4301 2433 4336 ,·
2459 4294 2506 4329 et
2533 4293 2743 4328 vocatum

512 4346 631 4389 ΒΡ.
661 4347 700 4384 2.
797 4345 844 4396 g)
872 4343 1174 4384 muduuicum
1201 4345 1306 4394 A1;
1335 4342 1665 4383 ffludouuicum
1688 4344 1783 4382 A2.
1805 4343 1854 4394 ὃς
1883 4343 2193 4382 modowioum
2221 4342 2340 4382 212⁸.
2361 4343 2404 4382 5.
2514 4343 2562 4390 h)
2588 4340 2744 4382 Hilde-

512 4397 680 4447 gardae
707 4400 747 4438 A
763 4399 801 4442 1.
820 4399 859 4438 2.
881 4399 919 4442 8.
947 4399 998 4438 Ρ.
1116 4399 1147 4447 i)
1179 4409 1261 4440 om.
1287 4398 1408 4439 B1*.
1434 4399 1474 4436 2.
1583 4397 1630 4448 k)
1660 4398 1722 4436 ita
1749 4398 1789 4436 Δ
1805 4398 1844 4436 1.
1867 4397 1905 4436 2.
1929 4397 1977 4444 33
2007 4395 2303 4444 Aquisgranis
2330 4396 2431 4447 313
2462 4396 2742 4444 Aquasgrani

514 4452 633 4492 31⁴¹.
654 4453 743 4492 01.
763 4453 813 4492 Ρ.
834 4452 878 4492 J.
901 4453 1033 4501 (quod
1050 4455 1097 4489 ut
1114 4462 1249 4499 supra
1276 4463 1310 4493 c,
1334 4453 1399 4494 14.
1425 4451 1607 4490 sco-there
1632 4451 1818 4491 mallem.
1849 4449 2008 4497 H.·E.)
2090 4448 2123 4499 1)
2151 4445 2350 4489 dolorem
2368 4450 2460 4490 Al.
2547 4447 2609 4500 m)
2637 4450 2742 4500 poni

513 4507 610 4546 Aa.
641 4507 705 4546 2⁸.
814 4507 860 4555 n)
892 4515 942 4544 ac
969 4505 1117 4544 Hann.

2776 1074 2802 1113 5

2780 1518 2831 1557 10

2779 1960 2829 1999 15

2779 2404 2832 2443 20

2779 2848 2831 2888 25

2779 3824 2831 3864 85

2778 4502 2831 4542 45
