3221 5163
553 511 624 566 14
1135 506 1525 562 EINHARDI
1560 507 1755 561 VITA
1791 507 2093 562 KAROLI
2130 508 2210 564 M.

551 712 687 773 quo
733 692 924 790 regia
943 690 1266 788 ,Kagffla
1321 693 1469 755 erat
1527 691 1631 754 ita
1690 691 2021 768 desertuS‚
2091 696 2172 754 ut
2240 685 2368 755 neb
2422 691 2789 773 vestigium

551 780 831 863 quidem
891 781 960 842 in
1025 801 1105 844 eo
1152 781 1493 843 humanae
1543 779 1995 844 habitationis
2057 784 2405 865 appareat.
2498 780 2673 843 Tota
2717 781 2791 842 in

553 871 724 933 hoc⁰
769 868 951 933 bello
985 864 1395 933 Hunorumd
1433 869 1763 932 nobilitas
1801 871 2027 953 periit,
2075 872 2227 934 tota
2258 870 2477 952 gloria
2510 869 2788 933 decidit.

554 957 792 1024 Omnis
854 958 1185 1040 pecunia0
1244 961 1314 1022 et
1375 959 1688 1040 congesti
1743 980 1825 1022 ex
1872 959 2078 1041 longo
2124 962 2435 1042 tempore
2482 959 2790 1022 thesauri

553 1047 810 1129 direpti
857 1052 1040 1110 sunt.
1133 1046 1376 1128 Neque
1435 1047 1657 1109 ullum
1722 1047 1983 1111 bellum
2047 1050 2287 1112 contra
2334 1048 2631 1110 Francos
2686 1067 2790 1110 ex·
2830 1069 2856 1106 5

555 1141 783 1198 ortum
831 1135 1134 1198 humana
1181 1138 1409 1219 potest
1441 1137 1771 1200 memoria
1799 1131 2217 1212 recordarif‚
2265 1157 2400 1218 quo
2432 1135 2541 1199 illi
2571 1136 2789 1217 magis

556 1223 763 1287 ditati
825 1228 894 1288 et
954 1224 1198 1308 opibus
1262 1225 1450 1288 aucti
1511 1225 1719 1288 sintg.
1816 1223 2087 1308 Quippe
2136 1247 2290 1288 cum
2338 1245 2552 1307 usque
2599 1225 2791 1287 inid

553 1313 884 1396 temporis
960 1333 1177 1396 poene
1255 1334 1590 1396 pauperes
1658 1313 2077 1392 viderentur,
2154 1317 2429 1378 tantum
2502 1314 2652 1376 auri
2721 1317 2791 1376 et
2892 1299 3072 1401 7144«,

556 1402 826 1485 argenti
871 1403 943 1464 in
991 1403 1181 1484 regia
1227 1406 1597 1486 repertum,
1646 1405 1755 1466 tot
1796 1403 2015 1486 spolia
2047 1403 2348 1486 pretiosa
2393 1403 2463 1464 in
2512 1402 2789 1485 proeliis
2960 1409 3056 1444 ’Φλ-
3084 1417 3126 1452 <-

557 1490 849 1563 sublata,
899 1494 980 1554 ut
1027 1492 1272 1555 merito
1321 1492 1506 1555 credi
1552 1492 1770 1575 possit
1816 1493 1946 1555 hoc
1994 1493 2293 1556 Francos
2335 1492 2563 1554 Hunis
2610 1491 2791 1554 iuste
2830 1514 2881 1550 ιο

556 1580 903 1662 eripuisse,
967 1581 1150 1662 quod
1198 1579 1392 1643 Huni
1452 1581 1642 1663 prius
1703 1581 1855 1643 aliis
1903 1580 2226 1663 gentibus
2271 1581 2526 1644 iniuste
2574 1581 2791 1662 eripu-

408 1677 533 1731 799.
555 1671 779 1732 erunt.
815 1668 1031 1764 L-J-J—uo
1089 1672 1365 1732 tantum
1428 1690 1509 1732 ex
1568 1670 1965 1752 proceribus
2013 1670 2431 1733 Francorum
2480 1691 2560 1732 eo
2608 1669 2791 1733 bello

554 1744 1458 1840 perieruntf‘fflrieusff‘ffiss
1519 1753 2008 1848 Foroiulanusi
2070 1760 2142 1822 in
2205 1759 2539 1822 Liburnia
2596 1758 2791 1820 iuxta
2985 1834 2996 1847 ι

555 1840 1137 1910 Tharsatieamk·1
1205 1847 1622 1909 maritimam
1685 1848 2033 1936 civitatem
2096 1848 2363 1911 insidiis
2425 1847 2791 1931 oppidano·
2858 1897 2931 1937 *w

553 1929 743 1997 ruml
789 1935 1344 2018 interceptusm>fz
1409 1940 1479 1999 et
1528 1934 1911 2000 Greroldusn
1954 1937 2351 2002 Baioariae⁰
2399 1937 2790 2019 praefectus
2832 1957 2880 2008 15

554 2024 628 2086 in
706 2024 1084 2100 Pannonia,
1164 2045 1318 2088 cum
1397 2027 1640 2088 contra
1716 2025 1961 2088 Hunos
2037 2018 2498 2115 proeliaturus
2576 2026 2789 2088 aciem
2864 2078 2891 2118 4
2976 2029 3019 2108 ζ,

556 2116 922 2187 strueretP‚
969 2113 1311 2176 incertum
1360 2135 1400 2176 a
1445 2134 1600 2195 qUO,
1652 2135 1807 2176 cum
1841 2112 2108 2177 duobus
2140 2109 2435 2190 tantum,
2485 2105 2602 2196 [lui
2636 2107 2861 2236 eum>
2926 2161 3078 2176 A----

557 2194 1067 2283 obequItantem
1122 2203 1546 2286 affsinguios
1579 2204 1974 2266 hortantem
2009 2202 2539 2278 comitabantur,
2587 2204 2790 2266 inter-

556 2290 784 2354 fectus
853 2293 959 2354 est
980 2291 1023 2352 3.
1117 2290 1440 2354 Ceterum
1510 2292 1947 2355 incruentum
2020 2313 2239 2374 poene
2309 2292 2590 2354 Francis
2661 2293 2790 2354 hoc

557 2379 817 2443 bellum
886 2378 1026 2442 fuit
1094 2383 1164 2443 et
1233 2381 1761 2463 prosperrimum
1835 2381 2093 2443 exitum
2171 2381 2435 2456 habuit,
2512 2381 2791 2444 tametsi
2829 2401 2881 2439 20

560 2467 821 2531 diutius
899 2469 1046 2531 suiq
1119 2469 1591 2551 magnitudine
1670 2471 2079 2533 traheretur.
2197 2470 2405 2532 Postr
2459 2470 2642 2551 quod
2721 2472 2791 2532 et

407 2566 536 2620 804.
559 2557 969 2621 Saxonicum
1029 2577 1193 2622 suae
1241 2558 1628 2641 prolixitati
1677 2559 2195 2623 convenientem
2246 2559 2451 2623 finem
2500 2558 2787 2641 accepit.

560 2647 1088 2711 Boemanicum⁵
1147 2669 1416 2730 quoque
1486 2651 1556 2711 et
1602 2645 2079 2724 Linonicum‘.
2153 2669 2328 2730 quae
2387 2651 2628 2731 postea
2688 2668 2790 2711 ex-

558 2739 709 2799 orta
755 2740 917 2799 sunt
935 2736 977 2813 4,
1044 2736 1163 2799 diu
1211 2738 1456 2800 durare
1504 2758 1644 2800 non
1690 2741 2086 2820 potuerunt.
2182 2737 2486 2815 Quorum
2533 2741 2790 2799 utrum-

558 2845 688 2908 que
736 2825 951 2889 ductu
998 2825 1242 2889 Karoli
1285 2826 1572 2890 iunioris
1622 2827 1828 2890 celeri
1874 2828 2009 2891 fine
2057 2827 2453 2910 conpletum
2502 2831 2623 2890 est.
2828 2845 2881 2884 25

408 2925 535 2978 810.
776 2910 911 2977 14.*
986 2914 1368 2978 Ultimumu
1424 2918 1665 2978 contra
1721 2915 2202 2979 Nordmannos
2263 2916 2381 2997 qui
2441 2915 2624 2978 Dani
2682 2936 2790 2978 vo-

559 3006 822 3080 cantur,
902 3003 1122 3086 primo
1199 3004 1624 3087 pyraticamv
1693 3010 2107 3081 exercenteS,
2180 3005 2427 3068 deinde
2497 3005 2789 3067 maioriW

786 3175 839 3245 ²¹⁸)
881 3176 1015 3229 Wal.
1054 3193 1095 3230 c.
1126 3177 1220 3231 15:
1259 3174 1477 3228 Bellum
1510 3178 1702 3228 contra
1724 3174 2109 3229 Nordmannos
2134 3193 2242 3243 qua
2267 3176 2548 3229 occasione
2573 3193 2789 3245 suscep-

874 3250 994 3298 tum
1032 3246 1134 3314 [sit
1171 3248 1293 3301 add.
1332 3247 1552 3313 Hermu]
1591 3251 1647 3299 et
1682 3247 1935 3315 sopitum.

557 3423 600 3473 a)
629 3424 786 3473 cagani
813 3425 854 3462 A
873 3425 912 3463 2.
944 3426 1008 3463 2⁰».
1039 3426 1088 3472 ὃς
1119 3424 1236 3473 kaga
1264 3426 1364 3475 023
1394 3425 1563 3475 pagani
1590 3424 1688 3465 Β2.
1790 3425 1837 3477 b)
1864 3436 1948 3463 nec
1977 3426 2017 3463 A
2038 3426 2076 3466 1.
2180 3425 2220 3475 c)
2250 3436 2332 3466 om.
2358 3426 2399 3463 Β
2420 3427 2458 3466 1.
2556 3426 2600 3475 d)
2629 3426 2789 3463 horum
2828 3426 2879 3464 30

555 3480 592 3517 G
609 3479 648 3525 2,
679 3489 790 3515 corr.
821 3478 1051 3516 Honorum
1079 3479 1120 3516 Β
1140 3480 1186 3526 1;
1219 3479 1450 3517 Honorum
1479 3480 1518 3515 A
1538 3479 1578 3516 2.
1744 3479 1792 3569 (3
1823 3480 2043 3527 peccunia
2070 3479 2110 3516 A
2132 3480 2169 3516 1.
2200 3479 2249 3518 P.
2413 3480 2446 3526 r)
2476 3480 2667 3517 recitare
2696 3479 2729 3515 C
2748 3480 2785 3517 2.

557 3534 599 3579 g)
630 3536 733 3570 sunt
764 3542 878 3573 corr.
906 3533 994 3569 sint
1021 3532 1115 3570 Al.
1147 3532 1243 3580 023
1273 3537 1376 3571 sunt
1402 3532 1495 3570 Bl.
1526 3532 1566 3569 2.
1678 3531 1725 3583 h)
1797 3533 1956 3570 elricus
1985 3534 2022 3570 A
2039 3534 2086 3581 13
2113 3532 2299 3570 Hericus
2318 3533 2411 3574 A2.
2430 3533 2496 3571 2⁰».
2519 3533 2567 3581 ὃς
2588 3533 2789 3569 Herecus

557 3584 592 3622 C
609 3586 656 3633 23
689 3585 876 3622 Aericus
905 3585 945 3622 A
964 3586 1003 3625 4.
1035 3585 1086 3623 P.
1209 3586 1242 3631 i)
1270 3586 1586 3623 Foroiulianus
1616 3585 1656 3622 A
1675 3586 1715 3625 2.
1745 3584 1793 3634 53
1825 3586 2130 3623 Foriiulianus
2159 3586 2197 3622 B
2219 3586 2255 3623 1.
2381 3586 2427 3634 k)
2456 3585 2789 3622 Thrarsaticam

557 3639 598 3676 A
618 3639 664 3687 13
695 3638 1005 3676 Thrasaticam
1037 3648 1150 3677 corr.
1181 3638 1369 3677 Tharas.
1399 3639 1440 3676 B
1459 3640 1507 3687 13
1537 3638 1815 3676 'Prasaticam
1844 3649 1956 3677 corr.
1988 3638 2114 3680 Tars.
2144 3639 2177 3675 C
2194 3640 2233 3678 2.
2386 3637 2417 3689 1)
2455 3638 2789 3685 oppidatim-um

555 3692 596 3729 B
616 3696 652 3731 1.
687 3692 726 3729 2.
849 3691 909 3741 ru)
938 3693 1238 3740 intercoeptus
1267 3692 1308 3729 A
1327 3692 1365 3734 1.
1395 3694 1432 3732 2.
1460 3692 1510 3730 P.
1638 3690 1686 3742 n)
1715 3692 1908 3731 Gerulus
1936 3692 1976 3729 A
1997 3693 2035 3732 2.
2069 3693 2131 3742 2²,
2155 3695 2258 3739 post
2285 3702 2397 3733 corr,
2426 3690 2650 3731 Geruldus
2678 3691 2717 3727 A
2738 3690 2787 3738 2;
2828 3689 2877 3729 35

558 3744 768 3784 Giraldus
794 3745 835 3781 A
855 3744 918 3782 3⁸.
1035 3748 1078 3791 o)
1106 3745 1367 3783 Baioeariae
1396 3745 1431 3783 0
1447 3745 1488 3783 2.
1607 3744 1654 3795 p)
1683 3745 1930 3785 instrueret
1957 3745 1997 3782 A
2017 3745 2056 3783 1.
2088 3746 2127 3783 4.
2159 3746 2206 3784 P.
2321 3743 2366 3791 q)
2395 3756 2475 3785 om.
2508 3744 2541 3781 C
2559 3745 2606 3791 23
2637 3754 2786 3791 magn.

556 3798 627 3837 sui
654 3798 750 3837 Al.
784 3798 847 3836 2⁸.
877 3798 928 3836 P.
1093 3797 1132 3847 r)
1169 3799 1248 3837 hoo
1284 3799 1374 3837 loco
1411 3799 1459 3839 P.
1497 3802 1535 3837 et
1570 3798 1614 3839 J.
1654 3810 1749 3846 cap.
1780 3799 1847 3837 14.
1886 3799 2114 3847 incipiunt.
2280 3800 2317 3843 s)
2354 3798 2422 3835 hic
2457 3798 2504 3835 in
2535 3798 2790 3834 editionibus
2870 3842 2877 3850 ¹

547 3851 776 3899 prioribus
803 3862 898 3897 cap.
930 3852 996 3889 14.
1026 3851 1194 3899 incipit.
1234 3872 1287 3881 —
1323 3852 1630 3891 Boematicum
1657 3853 1697 3889 A
1718 3854 1757 3890 2.
1921 3852 1956 3901 t)
1991 3852 2242 3891 Lilonicum
2268 3852 2309 3888 A
2330 3851 2377 3899 33
2409 3851 2666 3889 Liconicum
2696 3850 2787 3889 02.

557 3903 604 3953 u)
631 3914 786 3942 novum
812 3915 906 3951 cap.
938 3905 1086 3952 incipit
1117 3905 1152 3942 B
1170 3905 1210 3943 1.
1321 3905 1366 3956 v)
1397 3907 1482 3953 pir.
1512 3906 1552 3943 A
1572 3906 1621 3954 2;
1651 3905 1901 3955 piratycam
1929 3906 1963 3943 C
1980 3906 2017 3947 2.
2126 3904 2185 3955 w)
2214 3905 2383 3942 maiore
2410 3905 2450 3941 A
2471 3906 2509 3945 1.
2541 3904 2591 3942 P.

560 4064 613 4130 1)
657 4064 958 4130 [Tersatto,
992 4080 1155 4131 prope
1189 4064 1392 4119 Fiume.
1459 4066 1546 4128 Cf.
1584 4066 1730 4119 Ama.
1768 4065 1943 4119 Laur.
1981 4066 2107 4119 mai.
2150 4081 2199 4118 a.
2228 4065 2379 4129 799J.
2618 4065 2787 4129 (Arm.
2828 4080 2880 4117 40

554 4151 605 4201 q.
643 4136 694 4188 d.
734 4135 1017 4186 Einhardi
1062 4152 1112 4189 a.
1152 4138 1274 4201 799,
1325 4136 1418 4189 SS.
1456 4136 1523 4190 R.
1567 4138 1631 4189 G.
1674 4153 1734 4203 p.
1775 4138 1909 4190 109:
1953 4134 2147 4188 Ericus
2187 4134 2275 4204 (cf.
2314 4137 2384 4186 ib.
2425 4152 2483 4203 p.
2524 4137 2593 4190 99
2670 4174 2682 4187 .
2712 4130 2855 4190 ’ζ’“.”’
2919 4132 2939 4173 ‘³'

558 4205 704 4271 apud
730 4203 1107 4259 Tharsaticam
1132 4206 1430 4259 Liburniae
1468 4207 1747 4259 civitatem
1785 4206 1995 4258 insidiis
2033 4205 2433 4274 oppidanorum
2458 4206 2789 4273 interceptus

558 4282 722 4343 atque
758 4275 1078 4330 interfectus
1115 4281 1235 4339 est),
1380 4280 1435 4343 3)
1472 4279 1670 4343 (lbid.:
1710 4277 1979 4331 Geroldus
2018 4320 2029 4332 .
2062 4320 2074 4332 .
2109 4320 2121 4332 .
2160 4276 2445 4329 Baioariae
2482 4277 2789 4345 praefectus
2876 4282 2915 4315 s

559 4348 848 4400 commisso
886 4364 1010 4401 cum
1047 4348 1226 4401 Hunis
1260 4349 1470 4416 proelio
1509 4348 1749 4410 cecidit).
1893 4351 1951 4416 4)
1982 4350 2311 4414 (Boemioum
2354 4365 2404 4404 a.
2442 4352 2566 4412 805,
2603 4355 2789 4400 contra

555 4420 789 4471 Linones
820 4422 1084 4487 populum
1121 4421 1408 4472 Slavorum
1452 4436 1501 4475 a.
1540 4424 1664 4476 808.
1708 4426 2009 4487 puynatum
2058 4428 2149 4487 est,
2198 4436 2316 4472 oum
2366 4421 2557 4472 bellum
2604 4426 2791 4471 contra
2825 4434 2879 4477 45

556 4491 746 4543 Dauos
780 4492 937 4556 infra
972 4492 1202 4543 relatum
1234 4494 1546 4557 gereretur).
