3221 5163
1473 1358 1484 1381 l

694 1351 987 1459 Vitama
1009 1384 1098 1454 'et
1144 1389 1733 1454 conversationem
1781 1391 1852 1453 et
1898 1409 1981 1454 ex
2026 1393 2223 1478 parte
2269 1410 2410 1454 non
2449 1391 2718 1455 modica

479 1500 588 1545 res
634 1473 902 1564 gestasb
950 1479 1250 1544 dominiss
1309 1471 1422 1544 et‘1
1475 1478 1837 1555 nutritoris
1892 1478 2028 1543 mei
2074 1477 2336 1556 Karoli‚
2387 1473 2717 1544 excellen-

479 1569 729 1634 tissimi
790 1573 861 1633 et
917 1569 1204 1659 merito-x
1225 1567 1667 1644 famosissimi
1722 1567 1923 1649 regis,
1986 1570 2351 1653 postquam
2420 1568 2716 1634 scribere

480 1659 748 1722 animus
806 1658 976 1722 tulit
998 1656 1040 1733 ¹,
1057 1650 1078 1744 J
1104 1651 1402 1739 quanta&
1423 1656 1624 1740 potui
1684 1654 2031 1722 'brevitate
2101 1654 2473 1741 conplexus
2542 1677 2712 1736 sum,

415 1771 443 1810 5
479 1767 756 1830 operam
803 1745 1279 1831 impendens&
1341 1747 1422 1808 ut
1469 1743 1554 1810 de
1601 1744 1710 1808 his
1757 1765 1931 1827 quae
1980 1745 2069 1811 ad
2116 1765 2338 1828 meam
2392 1746 2715 1810 notitiam

479 1837 834 1920 pervenire
904 1836 1282 1918 potuerunt
1340 1833 1517 1897 nihil
1585 1833 1978 1898 omitterem
2037 1827 2258 1916 neque
2318 1834 2714 1918 prolixitate

478 1924 810 2016 narrandi
849 1943 1032 2012 nova
1065 1943 1374 2005 quaeque
1411 1921 1924 1986 fastidientium
1961 1923 2225 1986 animos
2257 1923 2710 2002 offenderem;

479 2014 538 2076 si
583 2007 819 2076 tamen
866 2013 996 2076 hoc
1042 2011 1189 2075 ullo
1236 2011 1439 2075 modo
1485 2011 1693 2074 vitari
1740 2014 1989 2096 potest,
2021 2014 2103 2075 ut
2134 2032 2313 2076 nova-
2343 2012 2713 2096 scriptione

477 2122 619 2165 non
664 2101 1124 2177 offendantur,
1175 2101 1294 2183 qui
1339 2103 1574 2165 vetera
1621 2103 1692 2164 et
1739 2121 1781 2163 a
1826 2101 1989 2164 viris
2038 2100 2451 2165 doctissimis
2506 2105 2713 2185 atque

390 2214 443 2253 ιο
480 2191 944 2254 disertissimis
991 2190 1311 2254 confecta
1356 2191 1819 2278 monumenta!
1850 2189 2244 2253 fastidiunt.
2337 2189 2429 2254 Et
2484 2211 2711 2273 quam-

478 2300 683 2362 quam
729 2278 975 2363 plures
1036 2298 1181 2343 esse
1250 2298 1391 2342 non
1459 2275 1871 2360 ambigam',‘
1910 2277 2028 2360 qui
2096 2279 2239 2342 otio
2309 2299 2388 2342 ac
2458 2278 2711 2344 litteris

478 2368 699 2432 dediti
745 2371 1004 2432 statum
1053 2367 1202 2432 aevi
1249 2367 1631 2451 praesentis
1672 2387 1819 2430 non
1841 2366 2291 2444 §arbitrentur
2336 2368 2438 2432 ita
2484 2369 2712 2455 negle-

476 2457 799 2548 gendum,
849 2460 930 2521 ut
976 2456 1208 2520 omnia
1253 2457 1531 2539 penitus
1579 2476 1754 2539 quae
1800 2476 1985 2520 nunc
2041 2456 2219 2519 fiunt
2250 2455 2457 2521 velut
2517 2457 2711 2522 nulla

477 2545 804 2611 memoria
895 2546 1106 2630 digna
1197 2545 1474 2611 silentio
1565 2548 1774 2628 atque
1864 2539 2239 2637 oblivionif
2271 2622 2283 2632 ,
2318 2547 2708 2625 tradantur,

388 2659 439 2699 15
477 2636 843 2719 potiusque
902 2635 1123 2721 velint
1141 2686 1155 2713 ,
1228 2654 1458 2699 amore
1519 2634 2004 2699 diuturnitatis
2072 2624 2369 2713 inlecti‘,“
2419 2635 2711 2699 aliorum

476 2724 828 2808 praeclara
885 2725 1078 2788 facta
1135 2722 1750 2807 qualibuscumque
1810 2724 2084 2807 scriptis
2143 2720 2443 2789 inserere
2505 2745 2711 2807 quam

475 2814 584 2877 sui
628 2814 926 2878 nominis
970 2813 1232 2877 famam
1276 2812 1706 2895 posteritatis
1734 2808 2101 2877 memoriae
2137 2813 2317 2876 nihil
2348 2813 2710 2879 scribendo

477 2901 902 2979 subtrahere,
934 2904 1169 2965 tamen
1204 2901 1291 2966 ab
1324 2901 1801 2965 huiuscemodi
1846 2901 2265 2985 scriptioneg
2301 2922 2441 2966 non
2486 2902 2710 2967 existi-

475 2990 659 3053 mavi
703 2990 1246 3075 temperandum,
1294 2991 1570 3073 quando
1603 2990 1776 3053 mihi
1807 2991 2119 3055 conscius
2151 3010 2338 3055 eram
2356 2992 2397 3069 ²,
2437 2991 2709 3055 nullum

386 3102 440 3140 20
477 3098 559 3142 ea
603 3079 912 3143 veracius
958 3100 1165 3162 quam
1210 3100 1320 3143 me
1367 3079 1662 3144 scribere
1710 3100 1927 3164 posse,
1961 3080 2210 3162 quibus
2240 3080 2388 3163 ipse
2418 3081 2709 3145 interfui

476 3188 785 3251 quaeque
854 3188 1174 3252 praesens
1235 3167 1530 3245 oculata,
1593 3171 1675 3231 ut
1736 3168 1997 3246 dicunt,
2063 3169 2198 3232 fide
2260 3170 2551 3253 cognovi
2616 3174 2705 3248 et,

475 3259 710 3319 utrum
778 3256 864 3321 ab
935 3256 1072 3320 alio
1142 3256 1605 3321 scriberentur
1670 3274 1889 3323 necne
1907 3308 1921 3333 ,
1995 3257 2259 3340 liquido
2328 3258 2500 3322 scire
2568 3279 2709 3322 non

475 3346 692 3428 potui.
785 3345 1154 3429 Satiusque
1199 3345 1499 3409 iudicavi
1545 3338 1856 3415 eademh,
1883 3365 2039 3410 cum
2094 3346 2248 3409 aliis
2292 3347 2488 3411 velut
2534 3368 2707 3413 com·

473 3435 775 3499 muniter
819 3435 1075 3499 litteris
1120 3427 1492 3499 mandata1¹
1544 3434 1912 3499 memoriae
1958 3438 2387 3519 posterorum
2430 3437 2707 3501 tradere

382 3551 434 3589 25
471 3544 677 3606 quam
724 3524 906 3608 regis
952 3522 1511 3588 excellentissimi
1556 3526 1629 3587 et
1674 3524 1981 3587 omnium
2011 3544 2135 3587 sua
2166 3528 2396 3589 aetate
2427 3526 2706 3589 maximi

473 3606 954 3676 clarissimam¹
1014 3613 1229 3677 vitam
1291 3617 1362 3677 et
1409 3612 1719 3695 egregios
1767 3615 1998 3696 atque·
2021 3609 2333 3677 moderni
2376 3614 2706 3698 temporis

471 3702 866 3766 hominibus
912 3701 1026 3764 vix
1077 3701 1452 3766 imitabiles
1512 3704 1709 3765 actus
1768 3702 1916 3785 pati
1977 3701 2342 3766 oblivionis
2400 3702 2704 3767 tenebris

471 3790 750 3855 aboleri.
846 3790 1142 3855 Suberat
1189 3795 1261 3854 et
1310 3790 1448 3855 alia
1506 3811 1647 3854 non
1708 3789 2237 3869 inrationabilia
2300 3792 2381 3855 ut
2440 3792 2701 3876 opinor,

471 3962 516 4013 a)
550 3963 774 4010 statutio
801 3964 904 4003 haee
931 3934 1111 4001 domlA
1126 3964 1165 4004 1.
1196 3963 1251 4002 B.
1285 3964 1370 4005 02.
1529 3963 1574 4012 b)
1614 3962 1734 4002 mod.
1772 3967 1922 4010 gestas
1956 3974 2069 4004 corr.
2107 3967 2240 4013 gesta
2274 3964 2375 4015 ΑΒ,
2414 3966 2453 4002 et
2488 3965 2553 4002 ita
2577 3965 2702 4005 ΑΒ..

383 4016 436 4055 30
471 4014 512 4066 c)
541 4008 1391 4067 dmfflt‘ffissff‘ffi'el
1414 4026 1498 4056 om.
1517 4016 1639 4055 ΔΒΕ
1741 4016 1783 4067 e)
1802 4016 1866 4055 ita
1883 4017 2035 4066 ubique
2050 4017 2234 4065 &ripen
2250 4017 2416 4056 codices
2432 4019 2557 4056 modo
2576 4019 2702 4069 imp„

470 4070 595 4107 modo
631 4070 744 4120 inp„
786 4081 912 4119 saepo
947 4071 1028 4121 ip„
1072 4074 1112 4109 ot
1145 4070 1210 4108 ita
1245 4070 1373 4108 etiam
1412 4070 1538 4120 inm„
1582 4070 1703 4110 imm.
1742 4070 1808 4109 vol
1842 4071 1919 4112 im.
1961 4070 2130 4119 habent,
2172 4071 2265 4117 (ubi
2304 4071 2412 4110 inm.
2456 4072 2700 4120 seriptum).

470 4120 505 4173 1')
533 4123 758 4163 oblivione
786 4124 837 4163 P.
948 4125 990 4173 g)
1021 4121 1313 4172 discriptione
1339 4123 1381 4160 A
1395 4122 1435 4163 3.
1547 4122 1593 4174 h)
1625 4122 1813 4163 eandem
1833 4150 1845 4163 .
1870 4150 1881 4162 .
1904 4150 1916 4163 .
1938 4121 2197 4163 mandatam
2219 4123 2259 4162 A
2274 4124 2313 4165 8.
2420 4123 2452 4176 1)
2480 4134 2563 4169 om.
2580 4125 2621 4163 A
2635 4125 2699 4164 8⁸.

1706 4172 1791 4201 κ,
1871 4188 1901 4201 x

472 4263 525 4333 1)
577 4263 661 4329 Cf.
703 4263 881 4316 Ovidii
910 4264 1036 4319 Met.
1073 4266 1192 4319 init.
1209 4282 1229 4316 .·
1276 4260 1345 4317 In
1393 4279 1538 4317 nova
1586 4262 1699 4317 fert
1744 4262 1969 4320 animus,
2040 4264 2155 4317 WA
2166 4265 2282 4319 ΤΤ.
2356 4264 2485 4331 (Sed
2520 4267 2703 4331 aptius

468 4335 610 4386 alios
658 4335 794 4387 locos
839 4336 1040 4401 afferre
1079 4341 1232 4403 potes
1278 4341 1339 4386 ut
1387 4336 1592 4390 Lucan.
1643 4336 1842 4390 Phara.
1889 4336 1937 4404 I,
1974 4338 2061 4395 67.
2150 4336 2236 4400 Gr.
2284 4336 2436 4391 Thes.
2488 4336 2702 4403 linyuao

378 4420 432 4461 85
467 4405 591 4460 Lat.
627 4406 711 4474 ΙΙ,
757 4405 852 4460 col.
890 4408 1001 4466 96).
1182 4406 1238 4475 2)
1284 4406 1467 4475 (Sulp.
1510 4406 1624 4461 Sev.
1663 4406 1788 4459 Vita
1827 4406 2069 4460 Martini
2110 4423 2151 4462 o.
2189 4409 2278 4474 27,
2307 4410 2365 4463 7:
2408 4406 2529 4477 Ego
2566 4406 2701 4459 mihi

467 4476 716 4530 conscius
752 4492 873 4529 sum
910 4492 1001 4530 me
1039 4520 1052 4531 .
1092 4519 1104 4532 .
1145 4519 1158 4533 .
1196 4494 1326 4531 vera
1361 4476 1604 4546 dixisse).

571 4581 792 4624 Einhard.
2242 4587 2271 4640 l
