3221 5163
1071 532 1461 589 EINHARDI
1498 532 1691 588 VITA
1725 532 2028 588 KAROLI
2061 532 2143 589 M.
2656 535 2726 589 27

707 713 847 780 26.*
936 716 1370 800 Religionem
1390 714 1415 754 1
1482 715 1949 779 Christianam
1969 766 1983 793 ,
2063 736 2197 798 qua
2271 716 2356 781 ab
2426 715 2730 797 infantia

492 808 726 872 fuerat
771 806 1099 884 imbutuS,
1163 805 1634 869 sanctissimea
1680 808 1752 867 et
1805 825 1959 869 cum
2008 824 2274 868 summa
2319 805 2578 888 pietate
2626 825 2728 868 co-

494 897 661 971 luit;
734 915 812 960 ac
861 899 1142 980 propter
1187 894 1318 959 hoc
1378 894 1718 977 plurimae
1779 893 2319 977 pulchritudinis
2372 893 2727 957 basilicam

492 977 954 1068 Aquisgranib
996 983 1300 1047 extruxit
1346 1003 1648 1065 auroque
1705 985 1776 1045 et
1823 984 2110 1065 argento
2158 985 2229 1047 et
2275 981 2728 1046 luminaribus

422 1095 451 1135 ο
494 1078 704 1157 atque
751 1093 834 1137 ex
882 1093 1035 1138 aere
1083 1072 1301 1137 solido
1349 1070 1676 1136 cancellis
1723 1073 1795 1135 et
1838 1071 2065 1135 ianuis
2113 1071 2476 1135 adornavit
2495 1071 2537 1133 ².
2615 1070 2728 1134 Ad

496 1164 693 1229 cuius
762 1164 1181 1226 structuram
1251 1181 1403 1224 eum
1476 1161 1832 1225 columnas
1901 1162 1973 1224 et
2040 1180 2381 1225 marmora
2447 1159 2728 1223 aliunde

497 1251 751 1316 habere
819 1271 958 1315 non
1027 1252 1275 1334 posset,
1353 1249 1572 1313 Roma
1649 1252 1856 1331 atque
1925 1248 2255 1314 Ravenna
2329 1248 2732 1313 devehenda

498 1340 766 1405 curavit
788 1340 830 1402 ³.
903 1339 1280 1403 Ecclesiam
1329 1343 1402 1403 et
1445 1358 1647 1402 mane
1695 1341 1766 1401 et
1811 1358 2110 1421 vespere,
2159 1339 2329 1403 item
2374 1336 2732 1402 nocturnis

498 1430 685 1493 horis
730 1432 803 1494 et
848 1428 1168 1494 sacrificii
1212 1431 1541 1511 tempore,
1614 1428 1842 1509 quoad
1901 1447 2056 1491 eum
2116 1427 2430 1491 valitudo
2491 1425 2732 1510 permi-

409 1538 462 1579 ιο
497 1521 698 1595 serat,
755 1518 1046 1601 impigre
1091 1516 1600 1599 frequentabat,
1665 1514 2127 1598 curabatque⁰
2168 1534 2602 1599 magnopere,
2651 1516 2734 1577 ut

498 1607 729 1672 omnia
773 1626 949 1689 quae
994 1606 1071 1669 in
1109 1625 1191 1670 ea
1226 1605 1646 1688 gerebantur
1678 1624 1835 1668 cum
1874 1599 2121 1687 quam‘l
2160 1606 2457 1668 maxima
2485 1605 2734 1667 fierent

498 1695 881 1772 honestate,
946 1694 1263 1759 aedituos
1310 1694 1720 1758 creberrime
1769 1714 2226 1772 commonens,
2290 1712 2377 1757 ne
2425 1692 2592 1775 quid
2636 1692 2734 1755 in-

499 1786 747 1873 decens
816 1787 939 1847 aut
1007 1783 1360 1847 sordidum
1428 1786 1552 1845 aut
1619 1782 1863 1846 inferri
1931 1785 2054 1846 aut
2111 1783 2186 1845 in
2247 1803 2328 1847 ea
2379 1800 2732 1845 remanere

496 1874 999 1958 permitterent.
1096 1872 1458 1936 Sacrorum
1529 1890 1844 1934 vasorum
1917 1892 1997 1935 ex
2067 1892 2235 1935 auro
2306 1876 2376 1935 et
2445 1874 2732 1953 argento

409 1982 461 2021 15
496 1963 1199 2044 vestimentorumque
1260 1958 1790 2025 sacerdotalium
1836 1963 2110 2024 tantam
2167 1961 2243 2023 in
2289 1981 2371 2024 ea
2417 1959 2723 2044 copiam⁰

499 2051 911 2135 procuravit,
983 2054 1065 2113 ut
1131 2051 1204 2113 in
1274 2050 1622 2113 sacrificiis
1684 2049 2112 2113 celebrandis
2172 2070 2258 2113 ne
2322 2047 2732 2112 ianitoribus

500 2140 795 2223 quidem,
875 2139 994 2222 qui
1061 2138 1294 2202 ultimi
1362 2138 1811 2203 ecclesiastici
1876 2138 2136 2202 ordinis
2203 2141 2385 2212 sunt,
2463 2136 2733 2221 privato

499 2229 749 2293 habitu
794 2228 1185 2292 ministrare
1231 2247 1505 2292 necesse
1565 2228 1832 2291 fuisset.
1925 2226 2236 2310 Legendi
2293 2228 2500 2309 atque
2560 2225 2734 2309 psal-

500 2317 690 2382 lendi
751 2317 1184 2401 disciplinam
1247 2316 1775 2400 diligentissime
1829 2315 2242 2381 emendavit.
2335 2315 2504 2378 Erat
2551 2314 2734 2378 enim

410 2426 465 2465 ιο
500 2407 859 2489 utriusque
892 2407 1263 2471 admodum
1295 2406 1628 2479 erudituS,
1677 2426 2089 2487 quamquam
2121 2406 2268 2488 ipse
2299 2424 2425 2468 nec
2458 2403 2734 2487 publice

501 2495 767 2580 legeret
811 2516 937 2560 nec
984 2488 1161 2558 nisif
1206 2495 1642 2560 submissimg
1695 2497 1765 2558 et
1810 2495 1884 2557 in
1931 2514 2290 2558 commune
2339 2487 2736 2557 cantaret.**

716 2580 919 2649 27.***
996 2585 1197 2648 Circa
1255 2606 1591 2668 pauperes
1661 2585 2148 2648 sustentandos
2218 2586 2289 2648 et
2357 2581 2734 2665 gratuitam

502 2674 1014 2749 liberalitatem,
1078 2693 1279 2756 quam
1331 2672 1536 2738 Greci
1595 2665 2108 2738 eleimosinamh
2159 2664 2477 2746 vocant¹,
2541 2671 2736 2734 devo-

502 2763 826 2839 tissimus,
888 2764 971 2824 ut
1017 2763 1135 2845 qui
1180 2783 1323 2825 non
1366 2762 1438 2824 in
1486 2762 1714 2846 patria
1759 2763 1981 2826 solum
2029 2755 2143 2825 etk
2186 2762 2261 2824 in
2319 2753 2479 2824 suol
2522 2779 2736 2843 regno

413 2867 466 2908 25
502 2851 575 2915 id
621 2851 851 2915 facere
898 2851 1307 2927 curaveritm,
1370 2872 1606 2915 verum
1662 2855 1854 2914 trans
1914 2851 2129 2914 maria
2185 2850 2260 2913 in
2306 2849 2612 2932 Syriamn
2667 2850 2738 2912 et

504 2940 921 3024 Aegiptum⁰
977 2943 1183 3022 atque
1251 2939 1587 3017 Africam,
1661 2939 2207 3015 Hierosolimisl’,
2277 2936 2738 3002 Alexandriae

504 3032 713 3112 atque
760 3027 1237 3112 Carthagini‘l,
1291 3028 1413 3091 ubi
1460 3028 1890 3093 Christianos
1935 3028 2010 3092 in
2056 3029 2463 3112 paupertate
2509 3025 2736 3090 vivere

504 3120 926 3203 conpererat,
962 3118 1291 3201 penuriae
1313 3116 1592 3181 illorum
1619 3118 2040 3202 conpatiens,
2075 3116 2438 3201 pecuniam
2462 3115 2738 3179 mittere

734 3290 788 3359 *)
828 3291 964 3346 Wal.
1001 3307 1042 3345 ο.
1080 3293 1177 3346 27:
1215 3289 1451 3344 Ornatus
1487 3290 1714 3344 ecclesie
1750 3293 2016 3358 quantum
2053 3289 2410 3358 ampliaverit.

416 3374 469 3414 so
698 3362 786 3432 **)
824 3360 1180 3431 Octingentas
1218 3365 1274 3415 et
1298 3361 1616 3431 octuaginta
1646 3378 1742 3414 sex
1767 3360 2019 3414 ecclesias
2042 3362 2150 3413 suis
2172 3360 2407 3429 propriis
2432 3358 2738 3428 sumptibus

824 3450 951 3487 cum
988 3432 1417 3501 supellectilibus
1454 3436 1511 3485 et
1548 3433 1668 3484 aliis
1705 3432 2038 3484 ornamentis
2076 3431 2146 3484 ad
2181 3431 2401 3485 laudem
2424 3429 2527 3484 Dei
2551 3431 2735 3484 beate·

825 3520 930 3571 que
966 3503 1191 3574 virginis
1227 3502 1517 3572 dedicavit,
1552 3504 1660 3556 tria
1695 3503 1868 3556 millia
1905 3506 1962 3555 et
1984 3503 2355 3573 septingentas
2378 3502 2436 3556 in
2459 3505 2577 3555 toto
2603 3500 2738 3555 orbe

822 3575 1146 3629 restauravit
1181 3576 1304 3630 add.
1341 3577 1452 3630 cod.
1488 3576 1742 3628 Mor-allii
1771 3591 1814 3630 s.
1852 3575 1984 3630 XV.

664 3646 784 3715 ***)
822 3646 956 3701 Wal.
997 3662 1038 3702 c.
1076 3649 1177 3701 28:
1215 3645 1284 3698 In
1323 3645 1634 3699 elemosinis
1671 3662 1834 3714 quam
1870 3645 2038 3699 fuerit
2073 3645 2340 3714 profusus.

414 3825 467 3866 35
503 3824 548 3876 a)
586 3824 868 3864 sanctissima
896 3829 941 3864 et
968 3834 1141 3863 summa
1167 3825 1207 3862 A
1228 3825 1265 3867 1.
1425 3825 1473 3872 b)
1508 3825 1654 3872 Aquis
1681 3825 1830 3872 granis
1857 3824 1898 3862 A
1918 3825 1966 3872 13
2002 3824 2289 3873 Aquisgranii
2316 3825 2351 3864 Ο
2368 3825 2407 3863 2.
2571 3823 2611 3874 c)
2650 3833 2738 3871 que

504 3889 587 3918 om.
619 3878 715 3917 Bl.
748 3879 837 3919 02.
998 3879 1043 3928 d)
1081 3889 1171 3926 qua
1196 3878 1295 3917 Bl.
1327 3877 1391 3916 1¹⁸.
1424 3879 1462 3919 2.
1625 3878 1667 3928 e)
1704 3888 1827 3927 proc.
1859 3877 2032 3927 copiam
2067 3877 2168 3916 Al.
2331 3877 2366 3928 t)
2403 3887 2487 3916 nec
2515 3877 2600 3916 sibi
2635 3876 2732 3917 Al.

504 3932 549 3983 g)
578 3931 830 3971 submissim
862 3941 974 3973 corr.
1004 3931 1221 3970 submisse
1248 3931 1289 3969 A
1309 3933 1348 3980 1,
1378 3935 1417 3969 et
1444 3932 1507 3969 ita
1534 3931 1575 3969 A
1594 3931 1634 3969 2.
1666 3931 1706 3982 3,
1736 3931 1830 3969 alii.
1967 3930 2014 3982 h)
2052 3931 2115 3968 ita
2143 3931 2181 3969 B
2201 3933 2248 3980 13
2284 3931 2599 3979 eleymosinam
2628 3931 2668 3967 A
2687 3929 2735 3979 33

506 3985 793 4024 elemosinam
820 3985 860 4022 A
882 3986 920 4026 2.
947 3985 983 4024 C
1000 3987 1035 4027 1.
1066 3985 1113 4035 2;
1148 3985 1451 4034 elemosynam
1477 3987 1517 4024 A
1537 3985 1577 4025 1.
1607 3985 1656 4026 Ρ.
1821 3982 1855 4034 i)
1891 3995 1972 4023 om.
2003 3984 2044 4023 B
2064 3984 2126 4026 1¹⁸¹.
2155 3985 2195 4024 2.
2359 3983 2406 4035 k)
2434 3984 2512 4023 sed
2540 3984 2580 4021 B
2597 3983 2663 4023 1²⁸¹.
2695 3984 2735 4022 2.

504 4038 537 4089 l)
565 4048 703 4087 regno
733 4049 813 4078 suo
842 4039 882 4076 A
902 4039 941 4076 1.
973 4039 1023 4077 P.
1187 4038 1248 4088 m)
1276 4048 1455 4086 procur.
1486 4038 1527 4076 A
1547 4039 1585 4076 2.
1752 4037 1798 4088 n)
1827 4035 1989 4076 Siriam
2016 4038 2056 4075 A
2077 4038 2116 4076 2.
2147 4038 2187 4076 Β
2205 4038 2242 4078 1.
2403 4038 2447 4088 ο)
2476 4036 2539 4075 ita
2565 4039 2606 4077 A
2623 4036 2664 4074 1.
2695 4036 2734 4075 2.

410 4091 467 4130 40
504 4091 545 4130 B
564 4093 603 4130 1.
635 4091 709 4140 1⁴¹3
741 4093 995 4142 Aegyptum
1022 4092 1059 4129 A
1082 4091 1121 4130 3.
1155 4091 1190 4130 C
1208 4093 1245 4130 1.
1276 4093 1317 4141 2,
1348 4092 1441 4130 alii.
1551 4091 1599 4141 p)
1628 4091 1851 4131 Hierusol.
1879 4090 1920 4128 A
1940 4092 1988 4140 2;
2017 4091 2204 4130 Ierosol.
2236 4092 2271 4131 Ο
2288 4092 2326 4130 2.
2448 4093 2494 4138 q)
2523 4089 2738 4130 Chartani

506 4145 546 4182 A
566 4146 612 4196 13
644 4143 872 4193 cartagini
899 4145 939 4182 A
960 4146 999 4184 2.
1030 4144 1155 4184 31⁴¹.
1188 4145 1285 4195 023
1317 4145 1553 4191 Kartagini
1578 4145 1619 4182 A
1640 4145 1680 4183 3.
1711 4145 1801 4183 01.
1832 4144 1874 4182 J.

506 4302 560 4372 1)
600 4304 684 4367 Cf.
724 4303 863 4358 Suet.
901 4305 1041 4371 Auy.
1087 4320 1127 4358 c.
1169 4307 1269 4360 90:
1311 4302 1471 4356 Circa
1504 4301 1796 4372 religiones
1832 4303 2001 4356 talem
2040 4302 2349 4371 accepimus
2386 4309 2507 4366 etc.,·
2557 4318 2598 4356 c.
2639 4305 2735 4357 93:

506 4373 961 4427 caerimoniarum
989 4418 1001 4430 .
1029 4417 1040 4430 .
1071 4417 1083 4430 .
1109 4379 1322 4428 veteres
1348 4391 1411 4428 ac
1433 4378 1753 4442 praeceptas
1778 4373 2213 4427 reverentissime
2239 4373 2423 4429 coluit.
2544 4375 2600 4440 2)
2621 4373 2736 4439 (Cf.

502 4461 676 4512 supra
725 4461 766 4500 e.
809 4449 917 4508 17).
1079 4450 1135 4515 3)
1190 4447 1275 4510 Cf.
1324 4447 1613 4497 Hadriani
1648 4446 1693 4499 I.
1735 4462 1920 4512 papae
1969 4448 2042 4497 ad
2077 4446 2349 4498 Karolum
2398 4449 2563 4512 epist„
2616 4443 2722 4496 Coa

414 4526 469 4566 45
506 4517 685 4575 Carol.
722 4519 811 4583 81,
848 4517 1000 4582 (ΜΘ.
1039 4517 1215 4584 Epist.
1252 4518 1367 4584 III,
1395 4534 1454 4584 p.
1483 4520 1630 4577 614).
1667 4517 1776 4572 JA.
