3221 5163
565 529 632 580 10
1146 524 1535 579 EINHARDI
1572 525 1763 581 VITA
1800 525 2098 580 KAROLI
2134 525 2215 583 M.

561 729 714 771 rum
782 708 1096 792 partibus
1167 708 1352 772 bella
1420 713 1661 772 contra
1720 709 2020 774 Francos
2090 712 2162 772 et
2230 712 2467 773 exorta
2526 709 2665 772 sint
2726 713 2797 772 et

563 796 875 860 sollertia
939 798 1121 880 regis
1191 797 1693 876 administrata,
1764 803 1845 861 ut
1913 799 2158 863 merito
2226 798 2661 862 intuentibus
2721 799 2796 860 in

563 885 851 949 dubium
897 887 1130 950 venire
1178 888 1413 970 possit,
1474 890 1711 950 utrum
1757 887 1832 950 in
1878 908 1959 951 eo
2006 890 2131 951 aut
2175 887 2491 952 laborum
2538 887 2795 970 patien-

562 977 732 1038 tiam
811 978 934 1038 aut
1007 975 1420 1039 felicitatem
1496 977 1729 1059 potius
1798 977 2032 1040 mirari
2110 977 2494 1040 conveniat.
2615 975 2795 1038 Nam

563 1064 841 1128 biennio
889 1067 1052 1128 ante
1098 1064 1428 1128 Italicum
1475 1065 1605 1128 hoc
1654 1064 1913 1129 bellum
1962 1066 2257 1149 sumpsit
2304 1065 2675 1141 exordium,
2728 1068 2797 1128 et
2832 1084 2859 1124 ⁵

563 1173 719 1216 cum
780 1153 927 1216 sine
988 1152 1496 1217 intermissione
1544 1158 1916 1236 gereretur,
1988 1154 2166 1217 nihil
2234 1157 2470 1218 tamen
2538 1174 2621 1216 ex
2689 1153 2796 1216 his

562 1261 738 1324 quae
786 1241 1045 1305 aliubia
1085 1234 1323 1305 erantb
1363 1243 1667 1324 gerenda
1713 1242 2068 1305 dimissum
2117 1246 2241 1307 aut
2286 1243 2435 1307 ulla
2478 1244 2551 1304 in
2599 1246 2795 1326 parte

562 1331 649 1393 ab
720 1351 936 1413 aeque
1005 1350 1288 1414 operoso
1357 1331 1733 1395 certamine
1794 1335 2132 1395 cessatum
2181 1335 2306 1396 est.
2399 1328 2611 1394 Nam*
2656 1353 2794 1408 rex,

563 1419 869 1482 omnium
918 1420 1035 1501 qui
1081 1440 1206 1482 sua
1251 1422 1482 1484 aetate
1529 1420 1853 1502 gentibus
1902 1421 2437 1484 dominabantur
2484 1424 2593 1485 ete
2645 1442 2797 1505 pru-

563 1507 802 1571 dentia
849 1509 1178 1571 maximus
1243 1512 1316 1573 et
1361 1509 1575 1572 animi
1622 1510 2100 1592 magnitudine
2149 1510 2793 1594 praestantissimus,
2836 1529 2888 1567 10

562 1597 742 1659 nihil
800 1597 874 1659 in
936 1596 1043 1660 his
1091 1617 1264 1679 quae
1309 1597 1420 1661 vel
1481 1598 1918 1681 suscipienda
1964 1602 2163 1662 erant
2208 1598 2316 1662 vel
2366 1599 2797 1680 exsequenda

563 1689 686 1749 aut
731 1689 1013 1769 propter
1072 1686 1376 1750 laborem
1424 1682 1881 1750 detrectavitd
1920 1691 2043 1750 aut
2090 1691 2371 1772 propter
2415 1688 2797 1771 periculum

563 1775 934 1849 exhorruit,
1005 1795 1240 1839 verum
1301 1776 1839 1857 unumquodque
1900 1779 2278 1842 secundum
2332 1797 2525 1840 suam
2586 1775 2797 1860 quali·

562 1867 776 1926 tatem
828 1867 899 1926 et
945 1864 1176 1928 subire
1226 1868 1297 1928 et
1342 1865 1563 1928 ferre⁰
1607 1865 1871 1942 doctus,
1920 1887 2046 1930 nec
2093 1867 2167 1928 in
2206 1865 2509 1929 adversis
2556 1866 2796 1930 cedere

562 1973 688 2016 nec
765 1952 839 2014 in
916 1953 1258 2036 prosperis
1339 1953 1519 2016 falso
1599 1953 1989 2018 blandienti
2062 1955 2386 2019 fortunae
2465 1954 2797 2018 adsentiri
2835 1971 2887 2010 1⁵

563 2040 848 2104 solebat.

777 2125 906 2192 9:¹¹*
975 2129 1150 2193 Oum
1215 2130 1397 2194 enim
1459 2132 1735 2195 assiduo
1804 2152 1883 2195 ac
1954 2153 2171 2214 poene
2242 2133 2571 2196 continuo
2642 2153 2796 2196 cum

565 2218 946 2282 Saxonibus
995 2218 1178 2282 bello
1225 2222 1626 2294 certaretur,
1691 2221 2039 2304 dispositis
2100 2241 2222 2304 per
2282 2242 2585 2311 congrua
2646 2242 2797 2285 con-

421 2316 542 2368 778.
563 2307 881 2370 finiorum
915 2307 1068 2374 loca
1099 2308 1474 2390 praesidiis,
1516 2309 1926 2393 Hispaniam
1958 2331 2161 2392 quam
2196 2311 2491 2374 maximo
2516 2299 2799 2393 poterat

564 2396 732 2460 belli
777 2400 1114 2480 apparatu
1176 2398 1610 2479 adgreditur;
1676 2398 1993 2490 saltuque
2040 2393 2357 2482 Pyrineif
2411 2401 2731 2482 superato
2753 2397 2795 2475 ²,
2834 2417 2890 2456 20

563 2485 880 2549 omnibus
950 2507 1124 2568 quae
1195 2487 1462 2550 adierat
1530 2508 1569 2550 o
1623 2482 1834 2570 Ρ1ἃ1ξ’
1872 2491 2079 2570 atque
2146 2487 2448 2552 castellis
2494 2491 2567 2551 in
2615 2486 2793 2552 dedi-

562 2577 822 2639 tionem
870 2575 1239 2659 acceptisss,
1304 2576 1491 2640 salvo
1553 2598 1589 2641 e
1669 2576 1995 2641 incolomi
2041 2578 2345 2642 exercitu
2392 2579 2793 2653 revertitur;

563 2666 838 2746 praeter
868 2666 1052 2757 quod
1098 2666 1172 2728 in
1218 2666 1366 2749 ipso
1397 2666 1675 2751 Pyrinei
1721 2666 1883 2748 iugo
1925 2660 2402 2731 Wasconiamh
2442 2666 2797 2751 perfidiam

563 2758 964 2837 parumper¹
1025 2755 1099 2817 in
1166 2756 1518 2819 redeundo
1589 2756 1885 2837 contigit
1962 2756 2275 2839 experiri.
2390 2756 2570 2819 Nam
2642 2777 2795 2819 cum

564 2844 836 2925 agmine
882 2842 1111 2927 longo,
1160 2847 1240 2906 ut
1287 2844 1422 2907 loci
1469 2846 1539 2908 et
1587 2845 2063 2926 angustiarum
2112 2846 2283 2908 situs
2331 2845 2793 2928 permittebat,
2836 2862 2889 2901 25

563 2935 919 3017 porrectus
965 2934 1098 2995 iret
1145 2933 1504 3009 exercitus,
1543 2933 1915 2998 Wascones
1961 2936 2034 2996 in
2073 2935 2321 2997 summi
2363 2935 2615 2997 montis
2656 2954 2796 2997 ver-

389 3073 396 3082 ,
465 3012 700 3083 ’Ἦοθ
747 3021 989 3104 positis
1034 3021 1302 3084 insidiis
1350 3056 1438 3063 —
1485 3024 1588 3085 est
1644 3022 1824 3085 enim
1887 3022 2077 3086 locus
2140 3044 2222 3087 ex
2281 3024 2629 3106 opacitate
2690 3023 2797 3085 sil-

560 3130 819 3186 varum,
870 3104 1203 3192 quarumk
1244 3110 1343 3173 ibi
1390 3110 1687 3173 maxima
1734 3114 1838 3174 est
1884 3114 2100 3194 copia,
2148 3112 2417 3175 insidiis
2463 3111 2797 3195 ponendis

561 3201 944 3280 oportunus
988 3232 1077 3241 -—-
1121 3202 1496 3263 extremam
1554 3200 2203 3283 impedimentorum
2250 3205 2517 3285 partem
2566 3202 2637 3263 et
2683 3220 2797 3263 eos

562 3288 682 3368 qui
739 3288 1090 3350 novissimi
1150 3288 1442 3369 agminis
1507 3288 1907 3353 incedentes
1956 3290 2260 3354 subsidio
2308 3291 2796 3372 praecedentes
2835 3306 2888 3345 so

560 3376 939 3439 tuebantur
1030 3378 1323 3460 desuper
1411 3377 1841 3441 incursantes
1932 3379 2006 3441 in
2090 3380 2467 3442 subiectam
2544 3376 2794 3441 vallem

561 3464 888 3542 deiciunt,
962 3468 1411 3549 consertoque
1473 3488 1629 3530 cum
1689 3468 1786 3530 eis
1841 3468 2100 3550 proelio
2170 3487 2385 3550 usque
2447 3468 2533 3530 ad
2581 3486 2795 3527 unum

790 3655 843 3723 *)
883 3656 1022 3710 Wal.
1061 3672 1100 3711 c.
1132 3660 1195 3710 9:
1233 3656 1317 3709 De
1353 3655 1649 3725 diligencia
1685 3656 1783 3710 acl
1825 3656 2278 3727 magnanimitate
2314 3654 2527 3710 Karoli.

755 3726 842 3797 **)
882 3727 1018 3781 Wal.
1069 3743 1108 3783 c.
1151 3730 1246 3782 10:
1299 3726 1445 3795 Quid
1481 3728 1539 3780 in
1575 3727 1845 3796 Hispania
1883 3728 2091 3797 fecerit,
2136 3733 2191 3781 et
2228 3728 2297 3782 de
2332 3727 2499 3796 plaga
2536 3742 2700 3793 quam
2739 3726 2795 3777 in

879 3798 1124 3851 exercitu
1161 3797 1277 3851 eius
1309 3797 1579 3853 Vascones
1617 3798 1866 3855 fecerint.
2834 3811 2886 3851 35

558 3996 604 4046 a)
631 3997 770 4035 aliubi
797 4006 910 4037 corr.
941 3995 1108 4034 alicubi
1136 3996 1240 4045 ..433
1269 3996 1435 4035 alicubi
1461 3996 1556 4037 Al.
1584 3996 1671 4035 02.
1702 3997 1753 4035 P.
1905 3995 1951 4046 b)
1989 4007 2085 4045 ger.
2119 3999 2249 4035 erant
2275 3996 2369 4035 Al.
2521 3994 2561 4045 c)
2591 4004 2673 4032 om.
2705 3994 2793 4033 02.
2844 4014 2857 4027 ι

559 4050 604 4100 d)
635 4047 908 4089 detractavit
934 4049 1028 4088 Al.
1060 4050 1110 4089 P.
1123 4061 1142 4097 ,·
1169 4046 1422 4088 decertavit
1448 4050 1535 4089 02.
1662 4050 1702 4096 3)
1732 4054 1779 4088 et
1805 4050 1925 4089 terre
1954 4062 2036 4089 om.
2068 4050 2171 4098 Bl;
2202 4049 2358 4087 doctus
2386 4053 2432 4087 et
2460 4048 2578 4086 ierre
2606 4050 2645 4086 A
2662 4050 2702 4089 2.
2728 4049 2793 4087 2⁸.

558 4104 593 4153 t)
621 4104 804 4142 Pit-enei
832 4104 872 4141 Δ
889 4103 930 4142 2.
963 4104 997 4142 C'
1013 4104 1061 4151 23
1093 4102 1265 4141 Pirinei
1294 4102 1334 4140 A
1352 4103 1392 4142 3.
1423 4104 1485 4144 3⁸.
1514 4103 1606 4153 01,
1638 4103 1759 4149 infra
1787 4104 1816 4143 l.
1840 4104 1905 4142 23.
1938 4103 2121 4142 Pii-enei
2148 4102 2189 4139 A
2207 4102 2247 4141 3.
2373 4101 2417 4151 g)
2445 4102 2665 4150 susceptis
2691 4103 2734 4139 A
2752 4104 2792 4141 3.

559 4157 606 4207 h)
635 4156 945 4199 Wasconicam
974 4156 1015 4193 A
1034 4158 1098 4195 2².
1130 4157 1168 4195 B
1187 4157 1226 4198 1.
1255 4156 1347 4195 01.
1375 4157 1446 4205 J.;
1477 4156 1763 4196 wasconiam
1794 4167 1907 4197 corr.
1940 4157 2211 4197 Wasconum
2243 4155 2283 4192 A
2303 4155 2351 4204 33
2382 4154 2657 4197 Wasconum
2685 4156 2724 4193 A
2743 4155 2793 4203 53

559 4210 844 4251 Guasconum
872 4210 991 4252 A32.
1129 4211 1162 4262 i)
1199 4221 1285 4249 om.
1316 4211 1402 4249 01.
1434 4212 1483 4260 23
1516 4220 1757 4259 parumper
1786 4210 1833 4248 in
1860 4208 1957 4249 red.
1988 4220 2071 4249 om.
2103 4209 2197 4247 A2.
2229 4209 2291 4249 2¹².
2430 4208 2479 4257 k)
2516 4220 2704 4257 quarum
2732 4208 2796 4247 ibi
2832 4205 2887 4243 40

559 4274 643 4303 om.
675 4265 769 4302 Β1.
879 4263 912 4315 1)
944 4270 989 4303 et
1017 4264 1163 4303 Hann.

561 4434 616 4513 1)
669 4434 844 4572 (Agge).
889 4450 939 4500 q.
989 4434 1040 4490 d.
1092 4434 1374 4485 Einhardi
1426 4450 1476 4487 a.
1524 4434 1645 4499 778,
1695 4449 1753 4499 p.
1803 4434 1902 4487 51:
1960 4435 2323 4499 superatoque
2376 4475 2388 4487 .
2444 4474 2456 4487 .
2511 4474 2523 4487 .
2575 4428 2796 4498 Pyrinei

557 4521 687 4573 iugo
800 4546 813 4560 .
848 4548 860 4559 .
