3221 5163
573 541 646 594 22
1156 533 1547 590 EINHARDI
1581 534 1776 590 VITA
1810 533 2113 590 KAROLI
2146 533 2230 591 M.

791 715 932 784 205⁸
999 719 1171 783 Erat
1215 720 1281 784 ei
1325 719 1510 784 filius
1555 719 1832 784 nomine
1870 719 2207 803 Pippinus
2255 739 2337 783 ex
2384 719 2769 783 concubina
2788 717 2815 757 ¹

578 809 827 886 editus,
899 808 1093 874 cuius
1161 808 1346 874 inter
1405 811 1669 872 ceteros
1733 808 2152 872 mentionem
2165 813 2197 844 ⁸
2248 808 2479 872 facere
2548 808 2810 884 distuli,
2833 826 2918 846 -ν

577 899 758 962 facie
789 899 1063 981 quidem
1097 897 1408 982 pulcher,
1455 898 1577 961 sed
1607 897 1818 980 gibbo
1852 897 2197 961 deformis.
2276 897 2367 974 Is,
2418 917 2573 960 cum
2615 900 2815 982 pater

435 992 558 1046 792.
579 980 806 1052 bellob
869 990 1111 1052 contra-
1177 987 1425 1050 Hunos
1494 989 1814 1069 suscepto
1880 987 1957 1048 in
2024 985 2343 1050 Baioaria
2410 987 2809 1072 hiemaret&

579 1076 1014 1159 aegritudine
1060 1075 1400 1152 simulata,
1449 1096 1604 1140 cum
1653 1075 2062 1157 quibusdam
2095 1095 2133 1139 e
2164 1074 2577 1159 primoribus
2609 1075 2813 1138 Fran-
2848 1098 2876 1138 ε

580 1185 834 1242 corum,
897 1165 1017 1247 qui
1063 1184 1220 1228 eum
1264 1184 1444 1229 vana
1488 1164 1687 1246 regni
1731 1163 2179 1248 promissione
2237 1163 2643 1240 inlexerant,
2700 1165 2813 1228 ad-

577 1273 812 1318 versus
857 1256 1125 1337 patrem
1173 1253 1576 1317 coniuravit.
1650 1250 1869 1330 Quem
1918 1255 2074 1335 post
2108 1252 2426 1318 fraudem
2467 1253 2813 1317 detectam
3016 1293 3129 1326 Q„

581 1345 654 1407 et
713 1342 1268 1406 damnationem⁰
1326 1341 1840 1406 coniuratorum
1902 1342 2266 1405 detonsum
2311 1341 2387 1403 in
2433 1336 2814 1405 coenobio(r

579 1431 863 1494 Prumia
928 1430 1291 1514 religiosae
1358 1431 1543 1495 vitae
1609 1430 1885 1512 iamque
1951 1428 2298 1493 volentem
2358 1451 2601 1495 vacare
2668 1451 2813 1514 per·

379 1523 561 1595 785s6.
581 1519 789 1583 misit.
867 1519 1083 1583 Facta
1129 1522 1234 1583 est
1281 1522 1391 1583 et⁰
1433 1519 1571 1582 alia
1618 1519 1808 1601 prius
1846 1521 2089 1583 contra
2134 1539 2289 1582 eum
2336 1519 2411 1582 in
2444 1517 2815 1583 Germania
2850 1542 2904 1582 ιο

578 1608 813 1673 valida
880 1589 1307 1700 convilffafiffi„
1403 1607 1616 1672 Cuius
1684 1611 1999 1672 auctores
2018 1607 2080 1698 ξς,
2113 1607 2365 1691 partim
2434 1607 2813 1673 luminibus

580 1697 827 1774 orbati,
891 1695 1143 1780 partim
1202 1696 1528 1761 membris
1589 1697 1983 1774 incolomeS‚
2046 1717 2281 1760 omnes
2328 1700 2563 1760 tamen
2608 1697 2812 1761 exilio

582 1787 929 1870 deportati
977 1789 1139 1849 sunt
1155 1785 1218 1870 ἐς
1283 1806 1507 1868 neque
1551 1785 1741 1848 ullus
1800 1806 1883 1849 ex
1928 1785 2027 1850 eis
2074 1788 2179 1849 est
2221 1785 2633 1850 interfectus
2678 1786 2815 1849 nisi

578 1878 721 1938 tres
765 1878 1074 1951 tantum3
1124 1875 1244 1956 qui
1280 1895 1434 1938 cum
1475 1895 1567 1948 se,
1614 1895 1703 1938 ne
1740 1875 2505 1957 comprehenderentur,
2554 1875 2814 1938 strictis

580 1963 831 2046 gladiis
865 1963 1338 2038 defenderent,
1388 1963 1654 2045 aliquos
1692 1963 1901 2027 etiam
1938 1963 2369 2039 occidissent,
2418 1965 2580 2046 quia
2610 1963 2815 2028 aliter
2850 1985 2905 2025 ιε

583 2053 880 2116 coerceri
941 2072 1080 2115 non
1125 2054 1466 2134 poterant,
1528 2051 1930 2135 interempti
1989 2054 2171 2115 sunt.
2266 2051 2531 2115 Harum
2576 2055 2813 2116 tamen

583 2141 1134 2226 coniurationum
1148 2140 1579 2234 *Fastradae
1653 2141 1933 2223 reginae
2010 2139 2385 2204 crudelitas
2461 2162 2669 2205 causa
2743 2146 2816 2205 et

583 2230 774 2313 origo
821 2223 1129 2294 extitisse
1178 2229 1483 2319 (3161111ῑὲ
1501 2227 1558 2304 ⁵;
1632 2237 1703 2293 et
1762 2230 2019 2293 idcirco
2071 2229 2146 2291 in
2193 2226 2526 2294 ambabus
2572 2233 2816 2294 contra

580 2338 814 2402 regem
883 2313 1353 2401 conspiratum
1417 2321 1540 2395 est,
1612 2311 1817 2400 quiaf
1869 2318 2099 2382 uxoris
2168 2319 2612 2382 crudelitati*3
2664 2339 2813 2382 con-

581 2407 885 2471 sentiens
933 2429 974 2470 a
1021 2427 1183 2471 suae
1242 2409 1535 2470 naturae
1596 2407 2029 2490 benignitate
2098 2428 2177 2471 ac
2234 2407 2439 2471 solita
2507 2428 2813 2472 mansue·
2850 2429 2941 2468 20·

582 2497 825 2560 tudine
883 2496 1256 2559 inmaniter
1315 2495 1733 2560 exorbitasse
1793 2495 2177 2560 videbatur.
2273 2489 2639 2560 Ceterumh
2694 2517 2815 2580 per

581 2604 783 2649 omne
828 2586 1012 2650 vitae
1059 2605 1222 2649 suae
1267 2588 1541 2670 tempus
1586 2586 1689 2648 ita
1736 2607 1890 2649 cum
1929 2606 2194 2650 summo
2231 2588 2537 2650 omnium
2584 2606 2814 2650 amore

579 2678 788 2757 atque
833 2674 1068 2738 favore
1116 2678 1187 2739 et
1234 2675 1415 2738 domi
1479 2678 1552 2739 et
1608 2675 1777 2737 foris
1825 2678 2264 2739 conversatus
2312 2677 2435 2752 est,
2498 2678 2580 2738 ut
2623 2696 2815 2739 num-

580 2783 785 2845 quam
831 2764 895 2829 ei
941 2763 1050 2827 vel
1097 2764 1380 2826 minima
1432 2763 1733 2827 iniustae
1793 2757 2259 2827 crudelitatisi
2318 2767 2487 2827 nota
2555 2784 2597 2827 a
2655 2785 2813 2846 quo-

578 2873 784 2934 quam
828 2851 1076 2916 fuisset
1122 2852 1412 2915 obiecta.
2850 2874 2905 2913 25

793 2945 900 3003 21.
949 2940 1250 3004 Amabat
1280 2941 1673 3024 peregrinos
1699 2944 1769 3004 et
1800 2942 1872 3004 in
1898 2941 1995 3005 eis
2019 2941 2469 3023 suscipiendis
2491 2962 2813 3025 magnam

581 3028 886 3094 habebat
945 3050 1198 3105 curam,
1271 3030 1442 3094 adeo
1509 3023 1637 3093 utk
1690 3049 1924 3093 eorum
1980 3030 2357 3094 multitudo
2403 3050 2545 3093 non
2591 3030 2812 3094 solum

580 3118 862 3201 palatio,
911 3138 1150 3181 verum
1198 3118 1402 3181 etiam
1453 3138 1668 3201 regno
1714 3140 1855 3183 non
1899 3119 2221 3182 inmerito
2267 3119 2617 3183 videretur
2660 3140 2813 3183 one-

578 3226 751 3271 rosa.
848 3206 1008 3290 Ipse
1055 3210 1289 3271 tamen
1339 3227 1502 3290 prae
1555 3198 2032 3289 magnitudine
2079 3208 2292 3271 animi
2339 3207 2814 3271 huiuscemodi

2989 804 3040 816 Q

803 3412 856 3483 *)
897 3412 1035 3468 Wal.
1085 3430 1127 3467 c.
1165 3415 1265 3467 21:
1315 3412 1397 3466 De
1443 3412 1655 3467 duabus
1704 3413 2174 3467 coniuracionibus
2222 3418 2413 3468 contra
2462 3432 2589 3469 eum
2638 3414 2812 3483 factis,
2850 3424 2907 3465 30

901 3482 1150 3537 celeriter
1187 3488 1243 3537 et
1277 3485 1417 3537 iuste
1455 3484 1777 3540 terminatis.

580 3680 624 3731 a)
651 3680 738 3721 fac.
769 3685 908 3722 ment.
933 3681 973 3718 A
991 3682 1028 3721 1.
1062 3682 1111 3722 P.
1217 3681 1264 3733 b)
1291 3682 1459 3723 bellum
1490 3709 1500 3720 .
1534 3710 1544 3721 .
1575 3682 1772 3731 suscepit
1799 3684 1893 3722 Al.
2003 3684 2045 3731 c)
2072 3684 2240 3721 coniur.
2273 3680 2422 3723 damn.
2452 3684 2547 3723 A2.
2579 3684 2619 3721 3.
2651 3684 2737 3722 01.
2769 3684 2807 3723 2.

579 3731 629 3783 d)
656 3734 918 3773 coenobium
947 3734 1047 3783 Β1;
1079 3735 1256 3774 cenubii
1283 3735 1403 3775 ΒΡ.
1436 3737 1475 3773 2.
1587 3735 1631 3786 e)
1658 3746 1741 3776 om.
1772 3736 1856 3777 02.
1965 3735 2000 3786 f)
2030 3746 2113 3774 om.
2145 3736 2238 3776 Bl.
2350 3739 2393 3785 g)
2421 3734 2687 3776 crudelitate
2715 3737 2808 3776 Bl.

579 3786 648 3879 gl.
673 3787 723 3879 2.2
847 3787 1521 3892 Κ1)1)Ρειεὲε;εέι;·ιαᾳξ;ιθοὲῖέἑοηάι·1ὺιιιε
1539 3790 1770 3880 {rioribus
1798 3801 1832 3831 ο.
1861 3790 1926 3832 21.
1953 3790 2214 3829 adiciuntur.
2367 3790 2402 3841 i)
2432 3790 2685 3830 severitatis
2712 3790 2809 3829 Ab.
2848 3844 2903 3885 35

578 4016 633 4081 1)
687 4014 1074 4077 Himiltrudioe
1123 4017 1220 4081 (cf.
1271 4017 1669 4069 Abel-Simon
1705 4018 1787 4083 II,
1831 4034 1890 4083 Ρ.
1929 4021 2016 4083 39,
2066 4035 2120 4071 n.
2158 4022 2233 4078 2).
2451 4018 2506 4085 2)
2552 4017 2811 4084 (Aestate

575 4088 720 4140 Arm.
753 4104 800 4154 q.
835 4088 886 4141 d.
919 4088 1197 4139 Einhardi
1231 4104 1282 4146 a,
1309 4090 1431 4155 792,
1460 4104 1518 4153 Ρ.
1550 4090 1650 4155 91;
1687 4089 1758 4151 cf.
1798 4088 1863 4143 Ε.
1902 4090 2204 4155 Bernheim,
2242 4089 2401 4159 (Ηξει.
2433 4089 2905 4195 Ῡίεηιεζῑαῆνε-χ

575 4156 800 4221 schrift’
841 4160 995 4213 1898.
1026 4175 1087 4224 Ρ.
1118 4160 1219 4213 169
1245 4175 1358 4225 sq.,·
1391 4160 1790 4212 Abel-Simon
1825 4161 1906 4226 II,
1934 4178 1995 4228 Ρ.
2024 4162 2110 4225 39,
2150 4176 2203 4214 n.
2237 4164 2310 4225 1).
2472 4157 2527 4230 3)
2570 4157 2827 4223 Οὶῑὸἠῑῆι

567 4231 825 4295 princeps
860 4229 1200 4280 Hardradus
1235 4231 1449 4284 dicitur.
1595 4230 1652 4297 4)
1685 4232 1856 4295 (Ama.
1893 4248 1941 4298 q.
1980 4233 2031 4285 d.
2069 4232 2354 4283 Einhardt‘
2386 4248 2435 4285 a.
2465 4235 2587 4297 785,
2624 4250 2676 4299 Ρ.
2705 4233 2805 4286 71:

575 4296 747 4351 Facta
798 4304 879 4351 est
919 4342 930 4353 .
969 4342 982 4354 .
1023 4343 1034 4354 .
1081 4298 1338 4353 adversus
1388 4317 1576 4367 regem
1626 4300 1901 4355 inmodica
1949 4302 2271 4368 coniuratiO,
2323 4346 2334 4357 .
2375 4346 2386 4357 .
2426 4345 2439 4357 .
2489 4302 2806 4355 'auctoribus
2843 4315 2900 4353 40
2972 4332 2980 4339 ·

460 4373 509 4424 .'
578 4368 692 4421 eius
726 4370 931 4437 partim
978 4370 1284 4438 privatione
1333 4371 1619 4440 luminum,
1668 4373 1872 4440 partim
1924 4373 2072 4425 exilii
2121 4372 2500 4441 deportatione
2551 4372 2805 4426 condem-

573 4440 755 4507 natis).
889 4441 943 4511 5)
982 4442 1149 4507 (Ibid.
1185 4458 1236 4497 a.
1263 4445 1385 4509 792,
1415 4460 1474 4510 Ρ.
1502 4446 1600 4498 91:
1639 4441 1880 4512 Francis,
1906 4444 1998 4511 qui
2025 4461 2081 4497 se
2108 4443 2489 4499 crudelitatem
2513 4442 2806 4497 Fastradae
2882 4462 3125 4510 s
3159 4471 3185 4487 s

573 4511 800 4580 reginae
836 4510 980 4565 ferre
1015 4530 1125 4565 non
1162 4529 1319 4580 posse
1356 4513 1791 4574 adseverabant).
