3221 5163
639 510 784 566 XVI
1215 511 1603 566 EINHARDI
1642 511 1835 566 VITA
1872 511 2173 567 KAROLI
2207 512 2287 569 M.

639 699 828 759 tatem
871 692 1054 758 illam
1099 715 1142 758 a
1187 692 1444 758 Pertzio
1487 693 1710 776 mayni
1754 693 1975 773 factos.
2054 695 2211 760 Ideo
2255 695 2447 760 etiam
2490 695 2635 778 ipsa
2680 695 2869 763 editio

640 805 702 847 a.
772 788 957 846 1829.
1022 781 1416 863 Scriptorum
1473 788 1635 847 tomo
1692 784 1892 848 altero
1935 805 2012 867 p.
2060 789 2189 847 433
2220 804 2352 866 sqq.
2413 785 2541 850 luci
2598 786 2753 851 data
2816 793 2875 851 et

639 878 734 936 ter
790 871 863 934 in
922 870 1166 935 minore
1223 871 1438 951 forma
1452 921 1469 951 ,
1540 871 1825 936 lectionis
1881 870 2189 938 varietate
2254 873 2487 938 omissa
2501 925 2518 954 ,
2587 873 2869 956 repetita,

626 966 966 1042 praeterea
1009 961 1090 1024 ab
1139 959 1352 1024 Idelcr
1397 956 1662 1038 (‘Leben
1706 963 1845 1025 und
1890 961 2165 1026 Wandel
2210 962 2421 1027 Karls
2464 963 2572 1027 des
2622 963 2761 1028 Gr.'
2808 964 2868 1044 I,

629 1071 698 1131 p.
749 1049 1043 1131 49—98)
1105 1070 1168 1112 a.
1222 1053 1410 1129 1839,
1471 1055 1528 1113 et
1580 1050 1795 1114 Teulet
1837 1047 2172 1130 (‘Oeuvres
2229 1051 2549 1132 completes
2607 1051 2870 1134 d'Eyin-
2908 1078 2934 1117 5

639 1137 832 1203 hard'
865 1137 926 1218 I,
962 1157 1034 1218 p.
1074 1139 1363 1221 1—114)
1412 1159 1474 1202 a.
1514 1143 1703 1202 1840.
1745 1145 2007 1220 recepta,
2036 1139 2384 1221 yenuinam
2414 1139 2566 1204 libri
2594 1140 2872 1220 formam

638 1247 769 1292 non
812 1225 972 1290 satis
1016 1225 1392 1306 expressisse
1437 1226 1707 1291 dicenda
1758 1234 1851 1292 est
1860 1249 1886 1308 ,·
1942 1227 2018 1292 id
2070 1230 2240 1309 quod
2284 1228 2539 1309 primus
2595 1229 2761 1294 vidit
2815 1236 2873 1295 et

638 1314 799 1380 satis
866 1316 1084 1379 acerbe
1150 1313 1486 1396 castiqavit
1551 1315 1675 1379 Ph.
1745 1317 1807 1380 J
1800 1315 1929 1394 affe
1940 1367 1959 1398 ,
2038 1338 2178 1381 cum
2242 1338 2473 1382 novam
2539 1317 2872 1383 editionem

638 1405 725 1468 M
725 1401 1077 1468 onumentis
1109 1402 1434 1468 Carolinis
1465 1400 1889 1484 (Bibliotheca
1918 1425 2131 1469 rerum
2164 1404 2699 1472 Germanicarum
2734 1408 2777 1471 I
2788 1406 2868 1490 V)

639 1515 700 1557 a.
763 1497 951 1557 1867.
1012 1491 1321 1557 insereret
1386 1491 1478 1574 (p.
1542 1492 1947 1575 509—541),
2016 1515 2209 1575 quam
2268 1493 2461 1560 etiam
2526 1496 2871 1577 separatim
2909 1523 2961 1561 10

637 1580 856 1647 recudi
899 1580 1106 1662 iussit,
1161 1586 1218 1646 et
1275 1602 1338 1644 a.
1392 1587 1579 1663 1876,
1642 1588 1904 1647 curante
1964 1583 2036 1648 V.
2094 1582 2188 1648 Ol.
2243 1583 2345 1648 W.
2393 1583 2807 1650 Wattenbacb
2829 1587 2868 1666 ¹,

637 1672 839 1736 denuo
882 1669 1257 1751 impressam
1301 1670 1617 1736 habemus.

851 1759 913 1824 J
905 1757 1051 1838 affe',
1099 1758 1211 1840 qui
1242 1759 1654 1840 praefatione
1698 1761 1773 1825 de
1818 1759 1953 1824 vita
2000 1760 2332 1825 Einhardi
2376 1762 2547 1826 docte
2592 1768 2652 1826 et
2693 1768 2871 1826 acute

637 1848 787 1930 eqit,
857 1847 930 1912 in
990 1847 1151 1912 libro
1207 1849 1584 1913 recensendo
1642 1854 1853 1914 tamen
1910 1848 2021 1913 vix
2079 1848 2333 1914 Pertzio
2400 1849 2532 1930 fuit
2594 1849 2865 1930 felicior.

640 1939 816 2002 Nam
876 1936 1146 2002 codicem
1205 1936 1658 2018 Parisiensm,
1720 1938 1801 2002 ab
1860 1937 1975 2002 hoc
2030 1936 2239 2002 nescio
2298 1959 2413 2004 cur
2467 1938 2806 2022 neylectum
2826 1941 2867 2021 2,
2910 1963 2961 2002 ιε

636 2026 772 2091 iam
816 2045 919 2090 nr.
975 2030 1204 2090 10758.
1253 2019 1647 2107 inscriptum,
1694 2047 1854 2091 saec.
1906 2026 2040 2091 IX.
2090 2047 2184 2114 ex.
2235 2028 2339 2108 vel
2363 2027 2470 2096 X.
2518 2034 2866 2109 exaratum,

637 2120 891 2195 nactus,
965 2112 1092 2194 ipsi
1157 2113 1428 2179 nimium
1486 2113 1713 2180 tribuit
1778 2121 1835 2179 et
1893 2105 2238 2180 ezicM‘Fa*
2274 2115 2511 2200 recepit
2519 2167 2537 2198 ,
2608 2136 2768 2198 quae
2826 2139 2869 2181 a

636 2202 901 2284 reliquis
944 2202 1080 2282 fere
1126 2201 1312 2268 libris
1356 2202 1645 2268 omnibus
1690 2203 1908 2269 aliena
1952 2225 2032 2269 ne
2076 2203 2419 2270 Einhardo
2464 2207 2870 2270 obtrudamus

638 2293 982 2358 cavendum
1025 2297 1134 2355 est.

851 2381 1113 2445 Interea
1169 2401 1300 2446 non
1354 2380 1556 2462 pauci
1614 2380 1853 2447 codices
1909 2383 2005 2446 vel
2062 2381 2297 2466 reperti
2354 2382 2450 2446 vel
2506 2378 2869 2446 accuratius
2906 2405 2960 2444 20

638 2468 992 2534 examinati
1066 2475 1243 2550 sunt,
1320 2489 1582 2550 quorum
1652 2469 1881 2534 notitia
1948 2469 2137 2536 etiam
2206 2469 2452 2536 Pertzii
2524 2468 2867 2535 sollertiam

636 2557 822 2641 fuqit,
870 2557 966 2624 ita
1009 2563 1079 2622 ut
1122 2579 1294 2624 nunc
1339 2557 1513 2625 circa
1559 2558 1873 2641 octoqinta
1906 2580 2227 2625 recensere
2257 2558 2603 2644 possimus.
2691 2559 2870 2639 Quod

637 2649 750 2713 hoc
794 2648 924 2713 loco
969 2646 1256 2712 omittens
1274 2648 1316 2729 ³,
1363 2646 1437 2713 id
1479 2654 1723 2713 tantum
1768 2669 2056 2715 moneam
2101 2655 2350 2731 oportet,
2396 2647 2568 2713 inter
2610 2668 2713 2712 eos
2744 2654 2868 2711 tres

637 2758 785 2817 esse,
855 2735 967 2818 qui
1033 2742 1233 2801 aetate
1297 2736 1396 2801 ita
1450 2738 1863 2818 praecellunt,
1932 2744 2005 2803 ut
2058 2758 2273 2801 eorum
2330 2734 2695 2801 lectionibus
2752 2756 2867 2801 nos

637 2845 854 2891 carere
897 2824 1075 2889 haud
1105 2846 1291 2907 posse
1336 2824 1769 2907 intellexerim,
1831 2847 1971 2891 cum
2022 2847 2251 2891 novam
2307 2826 2476 2890 hanc
2533 2824 2866 2889 editionem
2903 2846 2957 2885 25

545 2946 568 3003 ,e
637 2915 992 2979 curandam
1035 2913 1457 2995 suscepissem,
1476 2914 2163 2996 ”Montispessulanum
2214 2934 2376 2979 saec.
2426 2913 2562 2977 IX.
2611 2919 2670 2978 et
2712 2914 2867 2978 duos

637 3004 962 3067 Romanos
1019 3023 1180 3067 saec.
1231 3004 1318 3067 X.
1381 3002 1665 3084 scriptos.
1760 3004 1862 3067 Ne
1906 3002 1977 3067 hi
2020 3002 2269 3084 quidem
2325 3002 2571 3068 mendis
2628 3007 2862 3082 carent,

636 3092 825 3155 immo
871 3090 1029 3156 satis
1071 3111 1377 3173 superque
1421 3094 1769 3172 ostendunt,
1829 3111 2022 3173 quam
2080 3091 2252 3157 brevi
2309 3091 2605 3172 temporis
2660 3089 2865 3171 spatio

497 3190 527 3201 “
636 3179 987 3262 Einhardi,
1055 3179 1386 3261 scriptoris
1451 3180 1659 3245 studio
1715 3179 2073 3245 litterarum
2139 3187 2198 3245 et
2263 3178 2532 3262 eleyanti
2597 3178 2866 3244 dictione

638 3268 975 3350 conspicui,
1024 3268 1184 3333 liber
1227 3268 1313 3333 sit
1355 3270 1755 3350 depravatus,
1802 3267 2131 3334 nonnullis
2182 3268 2336 3334 locis
2392 3269 2584 3334 etiam
2645 3275 2957 3332 temereuno

637 3363 931 3423 mutatus.
1023 3356 1352 3423 Lectiones
1397 3364 1609 3439 aperte
1653 3357 1863 3437 falsas
1906 3378 2381 3439 nonnumquam
2425 3377 2503 3421 ex
2530 3355 2865 3421 Einhardi

637 3445 1008 3527 authentica
1055 3452 1127 3510 ut
1181 3447 1296 3511 hoc
1351 3447 1717 3511 vocabulum
1773 3445 2097 3527 retineam,
2158 3445 2469 3511 oriundas
2525 3466 2672 3526 esse,
2720 3464 2865 3526 per·

638 3556 897 3599 suasum
941 3534 1103 3599 mibi
1147 3535 1360 3615 habea,
1409 3555 1478 3598 eo
1521 3535 1796 3615 fortasse
1840 3534 2268 3618 explicandas,
2300 3535 2467 3617 quod
2509 3540 2567 3599 et
2608 3533 2745 3615 ipse
2788 3553 2867 3597 ex

636 3644 808 3688 more
874 3623 1110 3689 saeculi
1175 3625 1364 3688 verba
1433 3622 1725 3688 librariis
1790 3624 1866 3688 in
1932 3625 2244 3689 calamum
2311 3622 2569 3688 dederit.
2682 3619 2865 3685 Alibi

638 3712 991 3793 scripturae
1035 3711 1462 3777 diversitatem
1505 3711 1641 3777 illis
1686 3712 2033 3794 tribuerim,
2094 3733 2246 3795 quos
2289 3712 2364 3777 in
2422 3710 2585 3777 libro
2629 3711 2864 3775 edendo
2903 3732 2987 3775 ³5.

639 3807 966 3885 occupatos
1024 3800 1323 3865 videmus.
1430 3802 1606 3865 Nam
1657 3800 2068 3882 Walafridus
2120 3802 2351 3867 Strabo
2395 3798 2744 3882 Auqiensis
2800 3819 2865 3863 se

639 3996 693 4061 1)
734 3993 882 4045 Idem
917 3996 1203 4046 versionem
1231 3994 1602 4045 Germanicam
1638 3994 1707 4045 ab
1746 3992 1804 4050 Ο.
1830 3993 1965 4046 Abel
1996 3997 2053 4045 in
2090 3994 2379 4046 collectione
2413 3993 2514 4044 illa
2546 3990 2865 4043 ‘Geschicht-

636 4064 898 4116 schreiber
931 4066 1028 4116 der
1062 4065 1132 4119 D.
1171 4064 1405 4117 Vorzeit’
1441 4066 1629 4116 datam
1672 4066 1842 4117 denuo
1877 4065 2055 4119 edidit.
2092 4064 2416 4131 (Repetitam
2450 4066 2511 4115 in
2550 4061 2866 4115 ‘Geschicht-

637 4135 918 4201 sehr-cibor,
972 4138 1022 4189 2.
1080 4137 1177 4202 ed.‚
1233 4136 1338 4195 IX,
1387 4136 1630 4203 Jahrb),
1687 4143 1723 4190 t.
1775 4136 1821 4190 Ι.
1876 4138 2029 4191 1888.
2085 4142 2133 4187 et
2186 4135 2261 4189 ed.
2318 4138 2369 4189 3.
2423 4136 2605 4196 1893).
2690 4133 2865 4184 Antea

636 4209 898 4259 versiones
937 4208 1286 4259 Germanicae
1320 4209 1564 4274 quinque,
1605 4208 1846 4259 Gallicae
1879 4214 2072 4274 septem
2111 4207 2439 4275 prodierunt
2451 4223 2470 4266 ,·
2517 4222 2563 4260 v.
2599 4203 2862 4268 Pouhast,
2901 4212 2956 4251 ιο

637 4278 781 4330 Bibl.
817 4278 897 4330 ed.
933 4280 984 4333 2.
1032 4278 1080 4343 I,
1123 4295 1180 4345 p.
1219 4280 1340 4333 396.
1500 4280 1556 4345 2)
1614 4278 1761 4329 Nam
1794 4294 1914 4330 eum
1947 4279 2169 4343 viderat,
2202 4282 2262 4329 ut
2296 4278 2499 4343 Lequm
2535 4282 2571 4329 t.
2608 4275 2657 4329 Ι.
2700 4290 2865 4340 prae-

635 4351 838 4414 fatione
885 4349 1171 4415 edocemur,
1221 4349 1317 4400 ubi
1356 4366 1414 4416 p.
1452 4348 1637 4404 XXX.
1680 4351 1839 4402 codex
1873 4354 1999 4400 tunc
2033 4348 2217 4415 Suppl.
2255 4348 2379 4403 Lat.
2421 4348 2599 4402 164bi⁸
2633 4352 2864 4411 notatus,

637 4420 960 4471 describitur
993 4427 1042 4472 et
1076 4420 1359 4472 Einhardi
1405 4420 1540 4472 liber
1586 4435 1683 4472 suo
1732 4421 1841 4473 loco
1891 4421 2145 4485 affertur.
2361 4417 2417 4488 3)
2468 4420 2539 4472 22
2580 4434 2616 4469 a
2650 4417 2866 4469 Pertzio

636 4491 868 4543 nondum
905 4493 1046 4543 vttsos
1084 4491 1168 4546 ‘N.
1206 4492 1438 4543 Archiv'
1469 4491 1564 4557 VI,
1605 4508 1666 4558 p.
1706 4494 1810 4547 195
1833 4508 1942 4559 sqq.
1982 4491 2153 4545 attuli.
