3221 5163
1043 529 1434 586 EINHARDI
1470 532 1664 586 VITA
1700 529 2000 586 KAROLI
2036 530 2115 586 M.
2542 529 2693 584 XIII

462 710 640 793 cipue
705 718 765 776 et
822 711 1142 794 Suetonii,
1212 734 1392 795 quem
1449 715 1524 779 in
1583 720 1827 779 tantum
1888 712 2064 778 cordi
2123 711 2371 794 habuit,
2437 718 2509 776 ut
2563 732 2694 775 non

461 801 660 866 solum
706 800 912 882 operis
957 801 1445 885 dispositionem,
1505 805 1620 868 sed
1661 809 1721 868 et
1773 802 2059 883 inteyras
2116 802 2293 867 haud
2347 821 2501 865 raro
2559 822 2692 865 sen-

461 889 692 955 tentias
734 889 886 955 inde
927 897 1250 957 mutuatus
1293 914 1424 958 esse
1479 891 1688 957 videri
1733 891 1941 973 possit
1960 892 2003 953 1.
2109 889 2374 955 Primus
2430 888 2491 954 ei
2546 896 2694 954 ante

462 979 669 1044 oculos
711 979 1100 1060 versabatur,
1147 1000 1326 1061 quem
1372 982 1665 1046 Karolus
1711 979 1904 1059 factis
1960 981 2411 1060 quodammodo
2469 999 2692 1059 aequa-

400 1089 425 1128 5
460 1074 637 1133 verat
648 1119 666 1150 ,
745 1067 1132 1132 Octavianus
1197 1069 1526 1153 Auyustus
1593 1076 1652 1134 et
1725 1069 1905 1133 Titus
1917 1090 1943 1150 ,·
2008 1069 2120 1133 sed
2183 1089 2297 1133 nec
2370 1067 2693 1132 Tiberium

469 1156 881 1223 Claudiumve
947 1165 1324 1239 aspernatus
1398 1165 1506 1223 est.
1636 1158 1815 1224 Unde
1882 1158 2193 1222 nonnulla
2260 1155 2467 1238 operis
2538 1156 2691 1239 loca,

461 1245 640 1310 varie
685 1244 949 1326 ayitata,
1010 1247 1206 1311 lucem
1265 1247 1604 1329 accipiunt,
1664 1269 1716 1312 e.
1759 1268 1822 1329 9.
1869 1248 2035 1328 quod
2091 1267 2226 1327 cap.
2275 1251 2337 1308 4.
2398 1244 2569 1326 dicit,
2630 1268 2695 1311 se

463 1336 538 1399 de
605 1333 938 1399 nativitate
1004 1340 1062 1399 et
1127 1335 1422 1416 infantia
1487 1336 1582 1401 vel
1658 1335 1845 1401 etiam
1912 1334 2198 1416 pueritia
2267 1333 2509 1398 Karoli
2583 1356 2696 1400 nec

463 1423 720 1504 scriptis
763 1443 875 1487 nec
921 1423 1148 1489 auditu
1193 1424 1447 1506 aliquid
1475 1424 1807 1507 percipere
1839 1423 2141 1505 potuisse.
2243 1423 2421 1489 Certe
2472 1423 2695 1503 qualia

374 1533 427 1571 10
464 1511 802 1577 Suetonius
845 1512 920 1576 de
960 1511 1346 1578 Caesaribus
1388 1513 1717 1578 nonnullis
1761 1512 2049 1592 tradidit,
2084 1512 2307 1577 talium
2338 1514 2413 1576 de
2443 1512 2695 1577 Karolo

463 1621 540 1665 ex
584 1600 769 1666 libris
812 1602 1032 1666 saltem
1089 1601 1588 1667 hauriendorum
1648 1602 1925 1681 facultas
1967 1600 2311 1666 Einhardo
2368 1621 2499 1666 non
2556 1623 2695 1701 sup-

454 1691 737 1790 petebat,·
781 1709 972 1788 quam
1015 1696 1227 1755 tamen
1271 1693 1344 1756 ob
1390 1711 1652 1756 causam
1696 1689 2113 1756 recentiorum
2156 1689 2413 1770 quidam
2462 1690 2696 1755 acriter

462 1779 536 1843 in
594 1801 730 1845 eum
789 1777 1022 1842 invecti
1081 1785 1256 1860 sunt,
1319 1782 1393 1845 de
1454 1780 1707 1845 Karolo
1765 1800 1939 1844 anno
1998 1785 2144 1843 754.
2216 1785 2512 1844 coronato
2571 1779 2696 1843 sibi

463 1875 752 1934 constare
806 1866 1106 1968 yloriati,·
1164 1870 1331 1949 quod
1386 1890 1500 1934 nec
1543 1869 1959 1934 Einhardum
2014 1868 2375 1950 iynorasse,
2446 1867 2695 1932 utinam

375 1977 427 2015 ιε
463 1978 541 2022 ex
597 1954 943 2021 annalibus
999 1956 1136 2022 eius
1193 1957 1433 2024 discere
1489 1959 1835 2023 voluissent
1849 1957 1913 2021 2!
2015 1957 2126 2021 Ex
2183 1957 2381 2021 Pauli
2438 1957 2695 2022 diaconi

464 2045 666 2110 libello
710 2046 785 2109 de
829 2043 1133 2127 episcopis
1178 2048 1271 2111 M
1265 2045 1599 2112 ettensibus
1629 2067 1887 2130 paucas
1931 2046 2273 2111 sententias
2330 2045 2404 2109 in
2462 2045 2693 2110 libr-um

462 2155 645 2199 suum
690 2131 936 2214 recepit.
1045 2135 1130 2202 Ut
1185 2143 1392 2202 autem
1449 2157 1629 2200 nemo
1689 2135 1853 2201 alios
1910 2134 2171 2218 impune
2227 2134 2537 2214 imitatur,
2599 2134 2695 2199 ita

462 2222 877 2288 Einhardum
920 2243 1158 2305 quoque
1201 2246 1329 2289 uno
1373 2224 1642 2289 alterove
1686 2225 1815 2288 loco
1860 2223 1999 2287 eius
2039 2224 2137 2288 rei
2172 2244 2415 2305 poenas
2453 2223 2695 2288 dedisse

463 2313 640 2377 haud
699 2311 992 2391 diffitear
1003 2335 1029 2393 ,·
1103 2335 1216 2378 nec
1290 2313 1464 2378 omni
1531 2313 1773 2377 annisu
1845 2312 1919 2377 id
1990 2312 2222 2393 effecit,
2298 2318 2372 2377 ut
2443 2311 2695 2394 antiqui

375 2421 429 2459 20
453 2401 652 2482 plane
697 2400 1006 2466 sermonis
1050 2423 1293 2484 compos
1343 2404 1539 2484 fieret,
1601 2401 1829 2484 quippe
1886 2401 1998 2482 qui
2055 2402 2150 2465 vel
2209 2407 2431 2466 contra
2484 2422 2692 2483 yram-

464 2488 762 2555 maticam
807 2489 1185 2572 aliquotiens
1217 2491 1591 2572 peccaverit.

676 2577 1019 2644 Einhardi
1075 2579 1320 2645 libellus
1333 2632 1350 2662 ,
1419 2601 1565 2645 mox
1630 2586 1703 2644 ut
1752 2577 2034 2661 prodiit,
2105 2577 2350 2660 inyenti
2415 2577 2695 2644 omnium

465 2669 778 2751 afflausu
843 2675 1146 2751 exceptus,
1216 2690 1362 2734 mox
1419 2672 1499 2735 ab
1557 2668 1879 2733 historicis
1935 2668 2047 2750 qui
2106 2668 2347 2733 Karoli
2415 2674 2696 2752 tempora

463 2757 811 2839 attiyerunt
851 2758 1218 2839 saepissime
1264 2759 1613 2836 defloratus
1657 2764 1765 2822 est.
1866 2758 2140 2839 Quorum
2196 2778 2499 2822 numerus
2556 2778 2696 2822 cum

376 2866 427 2905 25
461 2845 658 2911 medii
732 2846 874 2910 aevi
941 2849 1208 2912 decursu
1273 2866 1516 2928 semper
1580 2851 1802 2911 auctus
1867 2846 1981 2927 sit,
2051 2846 2155 2910 hic
2220 2845 2697 2927 antiquissimos

463 2941 710 2999 tantum
751 2955 967 2998 eorum
1001 2941 1061 2999 et
1087 2934 1430 3001 Einhardo
1460 2941 1842 3016 coaetaneos,
1877 2935 2262 3001 Enhardum
2292 2935 2692 3017 Fuldensem,

463 3022 574 3103 qui
633 3043 792 3105 opus
848 3044 1032 3087 suum
1089 3024 1264 3089 circa
1319 3046 1563 3089 annum
1624 3029 1774 3088 830.
1836 3023 2088 3105 incepit,
2150 3024 2696 3105 chronoyraphwm

464 3112 1016 3176 Fontanellensem
1028 3163 1046 3194 ,
1125 3112 1526 3195 Theyanum,
1603 3113 2014 3195 Anonymum
2086 3112 2254 3177 vitae
2319 3113 2403 3176 H
2402 3112 2696 3178 ludowici

463 3206 796 3281 auctorem,
866 3201 1227 3267 nominasse
1291 3202 1600 3283 sufficiat,
1670 3222 1936 3283 quorwm
2001 3207 2128 3266 tres
2196 3202 2436 3265 Karoli
2500 3202 2696 3266 vitam

374 3311 427 3349 so
463 3288 895 3370 exscripsisse,
982 3290 1357 3373 Theyanum
1431 3312 1571 3355 eam
1645 3291 1865 3355 saltem
1936 3290 2255 3354 imitatum
2330 3311 2489 3371 esse,
2568 3312 2696 3371 pro

463 3378 782 3460 explorato
848 3380 1163 3445 habemus.
1281 3380 1545 3445 Saeculo
1614 3399 1781 3444 nono
1848 3379 2052 3444 medio
2118 3378 2477 3458 Ruodolfus
2542 3380 2695 3443 Ful-

463 3466 678 3532 densis
751 3469 1096 3533 monachus
1170 3468 1244 3533 in
1318 3468 1590 3533 historia
1668 3467 2114 3533 translationis
2190 3468 2259 3533 S.
2326 3467 2695 3533 Alexandri

457 3555 748 3640 plurima
791 3556 942 3621 inde
985 3564 1308 3623 mutuatus
1351 3564 1443 3623 est
1454 3578 1481 3639 ,·
1538 3557 1829 3636 Arnulfo
1888 3578 2031 3638 reye
2080 3563 2333 3637 poetam
2378 3556 2697 3622 Saxonem

461 3646 659 3711 vitam
703 3645 986 3710 versibus
1029 3646 1423 3728 expressisse,
1471 3652 1530 3711 et
1573 3647 1821 3711 saeculo
1866 3645 2225 3711 duodecimo
2269 3644 2697 3711 Rachwinum

377 3754 427 3795 ³5
462 3734 536 3799 in
597 3733 934 3800 Friderico
1001 3734 1378 3816 imperatore
1444 3735 1835 3817 depinyendo
1897 3756 2038 3799 eam
2091 3755 2259 3816 prae
2324 3734 2523 3800 oculis
2588 3735 2695 3799 ha-

464 3822 685 3905 buisse,
733 3822 866 3888 iam
911 3830 1104 3889 antea
1146 3824 1276 3887 viri
1321 3823 1483 3889 docti
1525 3829 1923 3889 monuerant.

675 3912 1013 3978 Editiones
1057 3912 1408 3977 anteriores
1451 3912 1750 3991 fuerunt:

682 4008 738 4064 1.
831 4000 1161 4067 Nuenarii
1218 4022 1392 4066 anno
1459 4007 1647 4082 1521,
1710 4000 2149 4065 dissertatione
2208 4002 2283 4065 de
2341 4000 2587 4082 oriyine
2640 4007 2699 4065 et

464 4087 712 4154 sedibus
755 4089 1122 4171 priscorum
1178 4088 1588 4155 Francorum
1634 4088 2017 4171 praemissa,
2078 4095 2137 4153 et
2194 4087 2527 4154 Einhardi
2585 4111 2695 4155 an-

374 4196 429 4235 40
463 4175 721 4242 nalibus
775 4178 1087 4244 subiectis.
1201 4178 1408 4244 Codex
1464 4198 1586 4259 quo
1642 4178 1751 4243 ille
1806 4198 1961 4243 usus
2018 4183 2137 4258 est,
2199 4184 2314 4243 aut
2366 4177 2507 4261 ipse
2562 4178 2696 4241 iam

464 4266 546 4330 ab
591 4265 877 4347 antiquis
920 4267 1218 4350 exemplis
1262 4266 1460 4332 nimis
1503 4268 1843 4348 recedebat,
1892 4273 2005 4332 aut
2048 4267 2214 4347 quod
2255 4266 2461 4349 mayis
2492 4269 2692 4348 credo,

466 4438 519 4509 1)
557 4438 668 4504 (Cf.
704 4438 803 4493 Fr.
829 4439 1083 4507 Schmidt,
1119 4442 1200 4493 De
1235 4441 1527 4493 Einhardo
1566 4441 1811 4494 Suetonii
1843 4442 2124 4495 imitatore.
2185 4441 2383 4507 Proyr.
2419 4441 2696 4507 Bayreuth

467 4512 648 4573 1880).
792 4509 848 4580 2)
886 4509 1022 4580 [Sed
1056 4513 1169 4565 ideo
1203 4528 1404 4579 quoque
1437 4512 1659 4565 annales
1694 4515 1743 4565 ei
1776 4512 2131 4581 abiudicavit]

2784 4484 2878 4529 N-
