3221 5163
1008 533 1397 590 EINHARDI
1434 533 1630 589 VITA
1663 532 1965 588 KAROLI
2000 532 2079 589 M.
2592 536 2664 590 21

430 718 742 792 hardum,
805 718 982 782 filias
1041 720 1276 781 autem
1336 717 1657 799 quinque,
1721 715 2253 794 Adalhaidem⁸,
2304 709 2659 794 Atulamb,

429 805 948 881 Gundradamc,
998 805 1441 870 Berthaidem
1497 825 1576 869 ac
1624 800 2209 882 Theoderadam‘l,
2259 805 2662 888 superstites

426 895 775 978 reliquite.
871 896 959 958 In
1017 895 1266 978 quibus
1328 915 1446 958 rex
1493 894 1777 977 pietatis
1836 914 1998 958 suae
2060 894 2502 978 praecipuum
2552 894 2662 958 do·

429 986 824 1048 cumentum
896 984 1219 1060 ostendit,
1291 1003 1446 1048 cum
1516 983 1661 1046 filio
1732 983 2062 1048 defuncto
2108 987 2430 1066 nepotem
2479 983 2662 1066 patri
2698 989 2823 1044 810.

361 1095 391 1134 ⁶
427 1073 792 1138 succedere
863 1076 936 1137 et
1002 1075 1245 1155 neptes
1312 1073 1496 1136 inter
1563 1071 1759 1136 filias·
1804 1091 1961 1136 suas
2022 1073 2300 1136 educari
2358 1071 2657 1136 fecisset.

427 1162 689 1226 Mortes
735 1162 1033 1226 filiorum
1081 1183 1160 1225 ac
1221 1161 1404 1225 filiae
1474 1181 1597 1244 pro
1660 1161 2251 1244 magnanimitate,
2323 1153 2501 1243 quaf
2554 1180 2660 1225 ex-

429 1250 745 1326 cellebat,
808 1251 1078 1314 minus&
1121 1250 1468 1333 patienter
1511 1249 1684 1312 tulit
1704 1248 1745 1326 1,
1810 1250 2071 1332 pietate
2118 1249 2462 1327 videlicet,
2524 1269 2660 1331 qua

427 1360 566 1402 non
614 1339 841 1403 minus
885 1331 1218 1422 insignish
1263 1343 1431 1413 erat,
1481 1338 1853 1421 conpulsus
1902 1339 1990 1402 ad
2037 1338 2375 1402 lacrimas.
2467 1337 2659 1402 Nun-

427 1428 602 1492 tiato
637 1428 845 1492 etiam
878 1428 1010 1514 sibi
1041 1420 1364 1491 Adrianii
1404 1421 1741 1490 Romanik
1778 1427 2124 1510 pontificis
2157 1427 2373 1504 obitu,
2406 1420 2646 1510 queml
2698 1433 2823 1488 796.

338 1541 392 1580 10
428 1517 504 1579 in
549 1517 786 1581 amicis
831 1517 1278 1600 praecipuum
1331 1516 1655 1589 habebat,
1706 1517 1801 1580 sic
1848 1516 2058 1593 flevit,
2123 1516 2327 1580 acsim
2371 1515 2659 1580 fratrem

427 1609 552 1668 aut
595 1605 1028 1670 karissimum
1065 1605 1287 1668 filium
1335 1605 1695 1669 amisisset.
1774 1605 1942 1668 Erat
1990 1604 2170 1668 enim
2219 1605 2291 1667 in
2341 1604 2662 1670 amicitiis

413 1695 686 1778 optime
744 1697 1189 1777 temperatus,
1254 1698 1336 1757 ut
1395 1715 1508 1758 eas
1556 1696 1629 1758 et
1688 1693 1897 1758 facile
1944 1694 2347 1758 admitteret
2394 1696 2465 1757 et
2511 1713 2662 1758 con-

425 1783 888 1848 stantissimen
930 1779 1265 1872 r'e‘tineret
1280 1783 1320 1860 2,
1385 1783 1791 1865 colebatque
1838 1783 2264 1847 sanctissime
2312 1802 2661 1865 quoscum·

425 1892 557 1954 que
604 1873 776 1936 hac⁰
817 1873 1182 1936 adfinitate
1227 1872 1398 1935 sibil'
1440 1873 1910 1935 coniunxerat.
2008 1871 2337 1936 Filiorum
2398 1891 2476 1936 ac
2538 1870 2662 1934 fili·

335 1983 388 2024 15
425 1982 619 2024 arum
667 1965 980 2026 tantamq
1023 1961 1097 2024 in
1145 1962 1501 2026 educando
1551 1981 1785 2024 curam
1832 1960 2099 2037 habuit,
2162 1964 2241 2023 ut
2286 1980 2660 2042 numquam

427 2049 615 2114 domi
659 2050 922 2133 positus
981 2050 1128 2114 sine
1187 2050 1352 2133 ipsis
1414 2049 1835 2122 caenaretfir·
1872 2070 2247 2132 numquam
2314 2049 2447 2116 iter
2515 2049 2661 2114 sine

424 2138 606 2201 illisr
659 2139 992 2217 faceret⁸3
1065 2137 1564 2221 adequitabant
1631 2139 1693 2203 ei
1752 2137 1899 2213 filii,
1970 2137 2155 2202 filiae
2214 2158 2374 2202 vero
2416 2157 2612 2221 ·pone
2630 2133 2649 2172 t
2704 2151 2717 2208 ἴ

425 2227 905 2309 sequebantur,
977 2248 1266 2310 quarum
1336 2247 1582 2310 agmen
1655 2231 2077 2292 extremumu
2132 2248 2214 2291 ex
2279 2227 2695 2292 satellitum'

423 2337 708 2380 numero
754 2317 842 2381 ad
889 2317 1021 2380 hoc
1069 2317 1369 2380 ordinati
1415 2316 1816 2381 tuebantur.
1906 2314 2099 2394 Quae
2146 2336 2301 2380 cum
2350 2315 2661 2399 pulcher-

331 2428 388 2468 πο
421 2405 635 2469 rimae
683 2408 913 2470 essent
971 2408 1043 2469 et
1113 2406 1200 2469 ab
1271 2425 1350 2470 eo
1421 2405 1792 2490 plurimum
1866 2405 2337 2488 diligerentur,
2410 2405 2660 2469 mirum

424 2494 636 2570 dictu,
696 2495 878 2577 quod
927 2494 1192 2558 nullam
1239 2514 1473 2558 earum
1523 2495 1843 2576 cuiquam
1890 2497 2014 2557 aut
2060 2514 2338 2558 suorum
2386 2496 2509 2557 aut
2556 2512 2659 2558 ex-

423 2588 729 2649 terorum
775 2587 1074 2667 nuptum
1135 2584 1298 2649 dare
1343 2584 1600 2661 voluit3
1674 2584 1794 2648 sed
1855 2603 2090 2649 omnes
2151 2604 2382 2649 secum
2444 2602 2659 2666 usque

425 2673 511 2735 ad
559 2673 828 2738 obitum
874 2694 1076 2737 suum
1115 2673 1191 2736 in
1223 2674 1424 2737 domo
1457 2693 1582 2737 sua
1625 2673 1982 2749 retinuitv,
2033 2673 2267 2737 dicens
2313 2692 2385 2737 se
2426 2692 2659 2737 earum

426 2761 879 2826 contubernio
927 2782 1159 2827 carere
1217 2782 1358 2825 non
1421 2782 1638 2846 posse.
1730 2756 1879 2825 Ac*
1939 2764 2221 2845 propter
2281 2762 2431 2837 hoc,
2495 2761 2661 2826 licet

331 2869 390 2911 25
428 2849 598 2913 alias
644 2849 832 2926 felix,
882 2851 1206 2915 adversae
1252 2851 1573 2915 fortunae
1606 2850 2114 2933 malignitatem
2163 2853 2485 2933 expertus
2532 2852 2657 2913 est.
2698 2804 2747 2959 L

427 2937 629 3017 Quod
675 2943 909 3004 tamen
954 2940 1056 3003 ita
1103 2939 1580 3016 dissimulavit,
1630 2940 1771 3004 acsi
1818 2941 1902 3004 de
1950 2940 2047 3003 eis
2092 2938 2287 3002 nulla
2333 2958 2653 3021 umquam
2706 2946 2779 3028 “E

427 3028 720 3093 alicuius
767 3028 999 3111 probri
1043 3029 1340 3112 suspicio
1379 3031 1618 3094 exorta
1649 3028 1758 3093 vel
1788 3029 1975 3093 fama
2010 3029 2315 3111 dispersa
2345 3027 2593 3093 fuisset
2610 3026 2659 3087 4.
2688 3033 2712 3060 ‘
2760 3047 2765 3056 ·

652 3244 830 3325 *240
865 3276 937 3283 —
971 3243 1163 3297 fuisset
1199 3259 1298 3299 om.
1340 3245 1449 3300 01.
1487 3247 1537 3299 2.

828 3316 901 3330 “””“·’
916 3324 1510 3351 ‘'ww-*wa

427 3460 469 3505 a)
509 3455 805 3496 AdalhaIdam
835 3458 936 3508 Α2;
967 3455 1231 3497 Adulaidem
1259 3458 1352 3500 ΑΒ.
1511 3460 1557 3506 b)
1597 3458 1777 3498 Atalam
1812 3458 1904 3498 02.
2068 3459 2109 3510 e)
2148 3456 2426 3499 Gundratam
2453 3458 2575 3498 ΒΡ.
2607 3459 2657 3507 2;

335 3511 390 3551 30
428 3512 704 3552 Gontradam
731 3512 833 3562 A13
864 3511 1152 3552 Gondradam
1179 3512 1266 3551 02.
1386 3512 1430 3561 d)
1459 3510 1775 3551 Theodradam
1802 3513 1905 3562 ..123
1937 3512 2245 3551 Teoderadam
2274 3513 2361 3551 02.
2481 3512 2523 3562 e)
2553 3512 2658 3550 reli-

427 3562 538 3613 quid
564 3564 659 3603 Al.
690 3564 729 3603 B
747 3566 784 3605 1.
909 3565 944 3614 t)
972 3575 1088 3613 quae
1114 3565 1216 3613 1313
1247 3563 1474 3617 queiud(!)
1504 3566 1590 3605 02.
1715 3565 1760 3616 g)
1788 3566 1919 3605 nimis
1948 3567 2041 3607 Al.
2070 3566 2110 3607 3.
2143 3566 2191 3604 Ρ.
2315 3566 2363 3614 h)
2390 3576 2483 3605 non
2509 3564 2657 3604 minor

427 3623 526 3657 erat
553 3617 648 3659 Al.
759 3618 790 3668 i)
819 3618 1038 3657 Hadriani
1065 3619 1157 3659 Bl.
1190 3618 1275 3659 01.
1306 3619 1350 3657 J.
1470 3619 1516 3670 k)
1547 3630 1629 3660 om.
1658 3620 1741 3660 02.
1858 3619 1891 3670 1)
1920 3630 2142 3667 quemque
2170 3618 2255 3660 02.
2362 3618 2422 3669 m)
2451 3618 2579 3657 flevit
2606 3622 2658 3657 ut

425 3671 566 3710 filium
595 3675 673 3710 aut
699 3671 740 3710 si
767 3672 953 3709 tratrem
981 3682 1067 3710 am.
1099 3681 1191 3711 car.
1220 3672 1260 3709 A
1277 3673 1315 3711 1.
1347 3672 1396 3712 P.
1509 3672 1555 3723 n)
1586 3677 1633 3711 et
1660 3677 1800 3715 const.
1819 3677 1903 3714 ret.
1930 3683 2011 3714 om.
2030 3672 2123 3713 Aa.
2236 3671 2282 3723 o)
2311 3682 2364 3711 ac
2390 3672 2485 3711 Bl.
2517 3671 2582 3710 1¹⁸¹.
2614 3672 2654 3722 2,

429 3736 541 3765 corr.
573 3725 658 3763 hac
683 3724 779 3765 Aa
892 3726 936 3774 p)
959 3736 1040 3763 om.
1063 3725 1155 3765 Bl.
1177 3725 1266 3764 02.
1375 3726 1420 3776 q)
1450 3730 1625 3765 tantum
1652 3725 1745 3764 Al.
1778 3727 1817 3763 2.
1848 3725 1901 3764 B.
1933 3725 2020 3773 02,
2050 3726 2163 3775 quod
2190 3726 2237 3763 in
2264 3725 2493 3773 archetypo
2519 3724 2658 3772 fuisso

335 3776 390 3817 35
426 3779 606 3819 videtur.
718 3778 756 3826 r)
785 3778 894 3826 ipsis
921 3778 1015 3819 As.
1048 3778 1134 3817 02.
1244 3776 1282 3827 s)
1311 3783 1466 3825 ageret
1490 3779 1595 3828 ΑΙ;
1626 3779 1820 3818 faciebat
1847 3778 1966 3819 ΒΡ.
1998 3780 2037 3818 2.
2150 3780 2182 3826 t)
2212 3789 2357 3827 poene
2387 3778 2483 3828 023
2512 3787 2658 3827 paene

426 3832 466 3869 B
483 3832 554 3880 1¹⁸3
584 3832 632 3872 P.
663 3842 718 3869 ex
744 3835 900 3869 recent.
929 3832 1053 3871 codd.
1082 3832 1147 3869 vel
1173 3834 1375 3880 typorum
1402 3843 1548 3871 errore
1573 3843 1705 3881 pene.
1817 3834 1861 3881 u)
1892 3842 2050 3879 agmen
2078 3836 2123 3871 et
2150 3836 2234 3873 sat.
2268 3833 2353 3871 02.
2464 3831 2511 3883 v)
2540 3835 2661 3871 rete-

427 3885 526 3923 nuit
552 3885 647 3934 013
677 3884 859 3924 rennuit
886 3885 979 3923 Bl.

431 4080 484 4146 1)
535 4078 621 4142 Cf.
671 4078 814 4137 Suet.
849 4080 992 4144 Any,
1038 4094 1078 4132 c.
1118 4081 1216 4135 65:
1269 4077 1571 4147 Aliquanto
1624 4083 1809 4133 autem
1858 4079 2155 4147 patientius
2204 4082 2441 4133 mortem
2528 4094 2657 4130 uam

429 4147 700 4201 dedecora
735 4166 956 4202 suorum
993 4149 1138 4204 tulit.
1300 4152 1355 4217 2)
1415 4150 1498 4214 Of.
1547 4151 1674 4204 ibid.
1724 4167 1765 4205 c.
1804 4153 1904 4206 66:
1954 4150 2241 4203 Amicitias
2278 4166 2456 4218 neque
2518 4148 2657 4203 acile

334 4233 392 4271 40
429 4218 649 4272 admisit
685 4223 740 4272 et
776 4221 1211 4273 constantissime
1246 4220 1486 4277 retinuit.
1632 4224 1687 4289 3)
1728 4222 1807 4287 Cf.
1835 4223 1962 4274 ibid.
1988 4239 2031 4275 c.
2057 4223 2156 4277 64:
2194 4238 2369 4289 neque
2407 4220 2656 4284 caenavit

429 4308 552 4357 una,
589 4290 695 4343 nisi
729 4293 792 4342 ut
827 4290 884 4343 in
921 4292 1031 4345 imo
1069 4293 1210 4345 lecto
1251 4290 1548 4345 assiderent
1590 4295 1881 4361 (nepotes),
1925 4308 2104 4359 neque
2140 4292 2245 4353 iter
2282 4290 2427 4361 fecit,
2464 4288 2570 4344 nisi
2594 4293 2657 4343 ut
2701 4290 2712 4300 “

425 4361 679 4415 vehiculo
717 4362 989 4415 anteirent
1024 4366 1118 4415 aut
1154 4362 1299 4415 circa
1336 4362 1732 4430 adequitarent.
1911 4365 1967 4431 4)
2009 4363 2413 4416 Hruothrudem
2446 4362 2659 4415 Hludo-

424 4436 616 4486 wicum
652 4433 890 4485 abbatem
926 4434 979 4490 S.
1019 4435 1288 4501 Dionysii,
1329 4435 1586 4487 Bertham
1624 4435 1937 4501 Anyilbevio
1970 4435 2112 4499 filios
2143 4438 2386 4501 yenuisse
2432 4439 2657 4487 constat.

423 4506 537 4570 (Cf.
577 4505 711 4557 Abel
721 4504 970 4557 -Simson
1005 4506 1085 4571 II,
1127 4522 1186 4572 p.
1225 4506 1348 4571 424,
1398 4522 1452 4560 n.
1500 4510 1571 4566 1).
