3221 5163
517 496 639 551 XII
1094 493 1485 548 EINHARDI
1525 493 1713 548 VITA
1749 493 2052 548 KAROLI
2087 495 2167 552 M.

609 679 829 759 Quem
878 677 1164 743 Carolus
1212 677 1530 762 princeps
1578 678 1855 760 propria
1899 680 2193 744 nutrivit
2238 681 2310 743 in
2359 680 2538 759 aula,

696 769 829 834 Per
874 788 1071 851 quem
1125 771 1196 830 et
1243 766 1544 830 confecit
1590 767 1813 830 multa
1860 769 2028 831 satis
2074 789 2301 852 opera.

606 858 787 921 Nam
834 859 1080 921 horum
1128 859 1520 919 sanctorum
1571 856 1913 939 condigno
1959 857 2243 922 functus
2291 860 2549 924 honore

694 947 1076 1029 Exquirens
1121 945 1380 1008 Romae
1428 964 1714 1027 corpora
1760 946 1957 1009 duxit
2004 951 2075 1010 et
2121 948 2277 1020 huc,

607 1037 704 1100 Ut
750 1035 990 1098 multis
1036 1034 1304 1118 prosint
1351 1034 1669 1116 precibus
1719 1054 2013 1116 curaque
2062 1036 2390 1114 medelae,
2787 1061 2813 1100 5

692 1125 1057 1208 Ipsiusque
1105 1123 1374 1187 animae
1421 1143 1637 1206 regna
1682 1122 1825 1206 poli
1871 1124 2204 1187 tribuant.

607 1213 882 1278 Christe
930 1213 1140 1288 DeuS,
1189 1210 1547 1275 hominum
1595 1211 1915 1289 salvabor,
1962 1216 2189 1276 rector
2236 1217 2306 1277 et
2352 1216 2612 1291 auctor,

693 1305 1067 1367 Aeternam
1116 1301 1278 1364 huic
1324 1301 1630 1383 requiem
1679 1301 1767 1364 da
1812 1321 2017 1384 super
2064 1305 2248 1366 astra
2295 1303 2478 1386 pius!

731 1391 977 1454 Fuerat
1020 1388 1403 1452 Einhardus
1445 1393 1697 1452 statura
1742 1389 1961 1469 brevis,
2022 1391 2135 1454 sed
2190 1393 2485 1455 ardorem
2544 1390 2750 1456 animi

517 1479 798 1562 corporis
841 1478 1128 1560 ayilitate
1175 1476 1576 1559 exprimebat.
1670 1477 1875 1542 Extat
1932 1499 2007 1543 ea
2066 1479 2141 1542 de
2200 1499 2269 1543 re
2328 1479 2750 1544 testimonium
2788 1507 2840 1544 ιο

524 1568 860 1647 Theodulfii
904 1566 1180 1648 episcopi
1224 1564 1735 1646 Aurelianensis,
1784 1565 1965 1631 cuius
2012 1567 2110 1632 ‘N
2102 1567 2417 1632 ardulum'
2440 1568 2462 1607 1
2506 1568 2749 1633 Einar-

516 1657 732 1722 dulum
763 1655 1189 1721 abbreviatum
1221 1675 1351 1719 esse
1381 1655 1583 1719 credo.
1633 1654 1908 1720 Alcuino
1930 1654 2025 1737 [et
2046 1653 2453 1737 Walafrido]
2470 1656 2750 1722 Beseleel

517 1745 714 1828 audit,
763 1746 844 1810 ab
889 1744 1155 1825 artifice,
1206 1764 1386 1824 quem
1443 1763 1667 1808 arcam
1723 1743 2000 1822 foederis
2057 1745 2428 1825 aedificasse
2488 1745 2750 1827 leyimus

515 1833 758 1917 [Exod.
811 1841 912 1915 31,
962 1839 1001 1896 2
1032 1853 1125 1913 sq.
1175 1839 1277 1913 35,
1327 1838 1412 1896 30
1444 1830 1573 1913 sq.]
1593 1835 1636 1894 ².

737 1924 951 1988 Talem
1013 1921 1226 1986 virum
1238 1972 1256 2003 ,
1327 1920 1386 1985 si
1443 1920 1779 1986 historiam
1838 1921 1941 1985 sui
2000 1922 2295 2003 temporis
2351 1923 2747 1989 scribendam
2788 1949 2838 1988 15

515 2012 641 2077 sibi
690 2017 1101 2093 proponeret,
1172 2031 1326 2091 opus
1384 2031 1599 2074 rerum
1658 2010 1839 2092 copia
1898 2017 1956 2076 et
2013 2011 2266 2076 dicendi
2324 2019 2555 2078 ornatu
2624 2012 2746 2077 exi-

513 2101 712 2165 mium
765 2101 1083 2165 editurum
1140 2098 1359 2179 fuisse,
1421 2099 1616 2179 facile
1674 2099 1933 2180 quisque
1991 2099 2307 2181 intelliqit.
2414 2100 2747 2182 Amplissi-

513 2211 683 2255 mam
742 2187 1058 2254 scribendi
1123 2188 1460 2253 materiam
1527 2188 1587 2252 ei
1653 2188 2051 2269 suppetiisse,
2122 2209 2199 2252 eoe
2262 2209 2463 2270 supra
2530 2189 2749 2254 allatis

513 2278 716 2360 iisque
745 2298 906 2360 quae
935 2279 1010 2342 de
1041 2299 1105 2342 se
1135 2276 1271 2358 ipso
1301 2284 1486 2358 atque
1517 2279 1592 2342 de
1623 2277 1901 2358 epistolis
1929 2313 2019 2321 ——
2048 2297 2209 2358 quas
2238 2284 2452 2342 extare
2482 2277 2636 2342 dicit
2658 2313 2747 2320 —

513 2374 573 2432 et
615 2367 1034 2448 leyationibus
1078 2367 1167 2430 ad
1211 2365 1654 2448 imperatorem
1708 2365 1965 2431 directis
2011 2367 2370 2447 profitetur,
2418 2372 2635 2448 patet,·
2690 2373 2750 2431 et
2782 2391 2835 2429 20

513 2456 801 2521 veritatis
844 2477 976 2520 non
1019 2455 1234 2519 minus
1278 2454 1627 2519 studiosum
1672 2474 1862 2534 quam
1908 2475 2203 2538 capacem
2245 2453 2321 2518 in
2350 2454 2704 2533 referendis
2722 2456 2747 2494 3

514 2545 799 2611 cladibus
845 2545 1251 2610 Francorum
1296 2549 1355 2609 et
1397 2542 1581 2622 fama
1627 2542 1899 2609 sinistra
1944 2544 2019 2608 de
2066 2543 2308 2608 Karoli
2352 2543 2613 2624 filiabus
2670 2564 2747 2609 ac

513 2634 1060 2700 coniurationibus
1121 2640 1384 2715 propter
1457 2633 1797 2697 immanem
1872 2634 2237 2698 Fastmdae
2317 2632 2745 2698 crudelitatem

513 2723 749 2789 exortis
793 2722 1210 2805 aqnoscimus.

725 2812 1017 2893 Reliquis
1048 2810 1336 2893 operibus
1365 2810 1500 2874 eius
1525 2810 1677 2874 Vita
1700 2809 1942 2874 Karoli
1972 2812 2147 2892 apud
2173 2810 2466 2891 aequales
2496 2816 2556 2875 et
2575 2811 2750 2890 apud
2782 2834 2833 2873 25

501 2901 744 2983 posteri
797 2900 944 2966 aevi
1007 2898 1289 2965 homines
1339 2900 1630 2980 palmam
1684 2898 2061 2983 praeripuit
2080 2921 2101 2976 ,·
2168 2920 2323 2964 nam
2380 2920 2493 2963 nec
2550 2898 2746 2964 ullius

500 3011 624 3072 per
680 2989 954 3055 medium
1013 3010 1233 3053 aevum
1292 2986 1610 3068 historici,
1673 2986 1916 3070 [Paulo
1972 2987 2237 3053 diacono
2296 2986 2386 3069 et]
2446 2988 2745 3053 Martino

513 3079 754 3144 Polono
813 3076 1110 3159 exceptis,
1174 3083 1261 3140 tot
1317 3075 1555 3141 codices
1614 3083 1856 3156 extare,
1928 3098 2040 3142 nec
2100 3076 2473 3158 cuiusquam
2531 3098 2746 3142 eorum

381 3168 396 3195 ¹
511 3168 751 3248 scripta
809 3166 904 3231 ita
963 3164 1247 3231 certatim
1307 3165 1387 3230 ab
1447 3165 1736 3230 omnibus
1792 3165 1904 3246 qui
1957 3165 2198 3230 Karoli
2244 3187 2345 3230 res
2402 3164 2750 3247 attiyerunt

511 3257 799 3338 decerpta
873 3276 1002 3319 esse
1075 3253 1495 3319 meminimus.
1618 3254 1871 3319 Laudis
1945 3254 2080 3319 eius
2142 3260 2398 3335 partem
2473 3255 2742 3335 Karolo,
2782 3279 2834 3317 30

501 3352 754 3425 partem
811 3342 936 3408 sibi
992 3342 1376 3407 Einhardus
1435 3342 1626 3407 debet.
1733 3344 1906 3409 Sane
1964 3364 2077 3407 nec
2134 3342 2405 3407 saeculis
2450 3342 2745 3424 proxime
2832 3376 2847 3393 ·

513 3432 1016 3498 antecedentibus
1061 3452 1173 3496 nec
1218 3431 1614 3512 sequentibus
1671 3431 2039 3497 historicum
2098 3431 2437 3513 inveneris,
2500 3431 2610 3512 qui
2667 3452 2745 3496 ea

513 3520 958 3603 coqita-tionum
1017 3519 1115 3602 vi,
1178 3519 1468 3584 claritate
1527 3520 1984 3585 sententiarum
2042 3540 2236 3601 eaque
2295 3519 2549 3586 dicendi
2606 3526 2745 3583 arte

512 3611 773 3676 excellat
786 3611 830 3672 4.
936 3608 1176 3674 Debuit
1231 3609 1305 3673 id
1367 3609 1575 3674 studio
1636 3609 2104 3690 Romanorum,
2176 3608 2501 3675 Ciceronis
2555 3629 2744 3689 prae-

514 3765 566 3835 1)
604 3766 863 3833 (meen
887 3767 974 3830 25,
1011 3782 1055 3819 v.
1085 3767 1203 3831 155,
1241 3766 1430 3817 Poetae
1455 3767 1633 3820 Garol.
1662 3766 1710 3833 I,
1741 3784 1801 3834 p.
1825 3768 1977 3833 487).
2038 3765 2160 3836 [Ita
2193 3767 2354 3818 etiam
2384 3768 2443 3816 in
2473 3767 2743 3832 epiyram-
2781 3778 2833 3818 35

511 3844 648 3889 ntate
682 3837 923 3901 Alcuim’,
960 3836 1174 3902 (Poetae
1212 3837 1389 3891 Garol.
1428 3837 1475 3902 I,
1515 3854 1575 3904 p.
1614 3840 1775 3898 248)=
1882 3888 1886 3893 .

827 3906 1008 3960 Parva
1043 3906 1264 3974 quidem
1299 3924 1386 3959 res
1425 3910 1507 3959 est
1542 3908 1844 3975 oculorum,
1884 3924 2063 3971 cerne,
2098 3906 2327 3976 pupilla,

831 3976 941 4031 Sed
976 3978 1120 4046 regit
1155 3977 1385 4046 imperio
1422 3978 1628 4031 vivacis
1664 3978 1909 4047 corporis
1946 3982 2129 4031 actus:

830 4048 922 4102 Sic
957 4050 1100 4117 regit
1136 4048 1252 4117 ipse
1288 4048 1513 4102 domum
1549 4054 1724 4103 totam
1762 4050 1864 4103 sibi
1901 4049 1955 4102 N
1956 4049 2177 4102 ardulus
2212 4048 2404 4102 istam:

829 4119 901 4172 ‘N
902 4119 1125 4186 ardule’‚
1164 4118 1253 4173 dic
1290 4120 1463 4173 lector
1498 4137 1748 4190 pergens,
1787 4125 1866 4173 ‘tu
1902 4121 2143 4188 parvule,
2181 4120 2328 4172 salve
2345 4118 2376 4171 Ρ
2777 4136 2833 4173 40

515 4192 597 4255 Cf.
637 4191 993 4257 Wattenbach,
1033 4192 1143 4255 GQ.
1182 4191 1264 4258 1⁷,
1306 4208 1365 4259 p.
1405 4192 1556 4260 200]
1716 4192 1772 4263 2)
1810 4193 2180 4262 [Einhartum
2215 4193 2503 4243 variarum
2537 4193 2742 4243 artium

510 4263 768 4315 doctorem
819 4265 1209 4329 peritissimum
1268 4263 1394 4313 dicit
1456 4263 1568 4318 Cat.
1632 4263 1747 4320 abb.
1806 4263 1970 4317 Fuld.
1986 4300 2002 4329 ‚
2066 4262 2161 4317 SS.
2225 4261 2409 4328 XIII,
2469 4279 2529 4328 p.
2588 4262 2739 4330 272]

510 4337 568 4391 3)
623 4334 935 4386 Hludowico
982 4336 1290 4399 imperante,
1341 4340 1390 4387 et
1437 4336 1566 4386 dum
1616 4338 1728 4402 ipse
1772 4338 1993 4401 primus
2044 4336 2157 4385 eius
2210 4334 2555 4386 consiliarius
2609 4339 2742 4387 erat.

509 4405 565 4473 4)
603 4405 904 4474 [Conferas
938 4405 1088 4457 velim
1129 4405 1384 4456 iudicium
1427 4406 1489 4460 V.
1531 4406 1610 4458 Cl.
1651 4406 1717 4458 L.
1754 4406 1962 4472 Ranlee,
2005 4406 2143 4456 ‘Zur
2178 4405 2371 4457 Kritik
2407 4403 2743 4456 Frankisch-

511 4476 801 4529 Deutscher
835 4476 1350 4529 Reichsannalisten'
1381 4494 1438 4544 p.
1474 4477 1556 4545 4].
2776 4490 2831 4529 45

2870 3084 2875 3091 .
2969 3074 3019 3141 5²
3058 3058 3071 3086 s
3112 3104 3117 3113 θ

2811 3108 2931 3157 ἐπί(
3000 3115 3011 3124 “
3057 3114 3120 3147 'L'
