3221 5163
1391 522 1802 581 APPENDIX.
2643 530 2717 584 43

664 711 765 769 17.
838 705 940 771 0³
996 706 1484 784 Columbane1‚
1543 708 1810 790 stringe
1855 710 2013 771 fluas
2059 708 2376 773 lacrimas

571 815 943 879 precesque
989 788 1247 860 funde-b
1302 817 1426 879 pro
1472 796 1596 860 illo
1645 796 1735 859 ad
1781 796 2179 876 Dominum,
2229 832 2316 841 -

890 884 1051 949 Heu
1096 884 1271 948 mihi
1316 884 1646 949 miser001

667 1013 767 1071 18.
837 1008 1045 1073 Paizer
1092 1003 1566 1087 cuncizorum⁶‚
1617 1009 1997 1074 misericors
2044 1010 2383 1075 Dominus

418 1122 445 1163 5
570 1099 651 1160 ut
695 1096 804 1161 illi
850 1098 1101 1162 donet⁰
1158 1097 1387 1163 locum
1433 1097 2100 1182 splendidissimum!

892 1186 1051 1251 Heu
1098 1187 1270 1250 mihi
1316 1180 1646 1252 miseros!

664 1315 767 1373 19.
838 1308 944 1374 O*3
994 1311 1204 1388 DeuS,
1270 1304 1604 1376 cunctaeh
1659 1313 2002 1377 humanae
2062 1312 2354 1377 militiae

572 1391 813 1482 atque¹
876 1400 1240 1476 caelorum,
1302 1400 1729 1464 infernorum
1795 1402 2087 1479 domine,
2151 1436 2238 1445 —-

891 1488 1051 1553 Heu
1098 1489 1271 1553 mihi
1317 1489 1597 1554 misero!

394 1639 445 1678 ιο
661 1618 766 1675 20.
838 1612 925 1675 In
972 1616 1213 1678 sancia
1258 1614 1418 1677 sede
1466 1634 1619 1677 cum
1668 1614 1810 1678 tuis
1857 1615 2187 1698 apostolis

571 1703 839 1785 suscipe
886 1701 1097 1785 pium,
1161 1695 1245 1765 οις
1295 1704 1377 1765 tu
1426 1700 1721 1781 omissae,
1772 1697 2189 1767 Karolum11

889 1790 1053 1855 Heu
1096 1790 1268 1854 mihi
1315 1791 1594 1855 misero!

1176 2154 1278 2209 DE
1316 2155 1612 2211 SANCTO
1649 2156 1966 2212 KAROLO
1981 2158 2016 2214 ².

763 2308 818 2365 1.
890 2286 1084 2372 Urbs
1130 2304 1473 2387 Aquensis
1488 2310 1556 2382 ¹¹¹,
1605 2305 1770 2370 urbs
1816 2306 2088 2390 regalis,

392 2418 443 2458 ιε
888 2393 1086 2476 regni
1131 2394 1325 2459 sedes
1372 2394 1790 2479 principalis,

977 2503 1198 2566 pnma
1242 2503 1483 2565 regum
1531 2504 1740 2559 curia,

887 2571 1065 2656 Regi
1109 2593 1351 2656 regum
1398 2593 1623 2656 pange
1670 2571 1930 2649 laudes,

889 2681 1021 2743 que
1068 2661 1154 2724 de
1202 2662 1435 2744 magni
1480 2661 1662 2744 regis
1707 2662 1968 2744 gaudes

980 2748 1224 2814 Karoli
1271 2750 1700 2832 presentiam

390 2960 444 3000 20
481 2956 525 3008 a)
553 2968 635 2998 om.
669 2958 715 3001 T.
822 2957 869 3005 b)
896 2967 1054 3007 preces
1083 2956 1263 2996 effunde
1294 2958 1342 2999 Τ.
1448 2957 1489 3008 c)
1518 2958 1565 2995 in
1590 2958 1653 2999 M.
1683 2958 1876 3008 sequitur
1903 2959 1978 3006 (cf.
2007 2963 2086 3000 etr.
2117 2959 2190 3008 6).-

1115 3011 1251 3050 Pater
1280 3015 1543 3050 cunctorum
1571 3011 1890 3060 orphanorum,
1921 3013 2118 3051 omnium

1119 3065 1473 3114 peregrinorum,
1503 3061 1758 3116 viduarum,
1787 3066 2028 3113 virginum.

1276 3117 1378 3156 Heu
1405 3129 1477 3156 me
1504 3115 1660 3157 dolens
1687 3119 1874 3168 plango!

1118 3171 1217 3209 Nox
1244 3181 1333 3209 non
1362 3169 1547 3220 rediret,
1576 3171 1668 3210 iam
1697 3183 1787 3211 non
1817 3172 1921 3212 tulit
1947 3173 2134 3224 somnia,

388 3227 441 3265 25
1116 3222 1379 3272 chorusque
1408 3224 1531 3263 clara
1556 3235 1646 3263 non
1673 3223 1863 3264 adduxit
1890 3226 2072 3265 lumine.

478 3274 527 3326 d)
554 3287 788 3316 commune
816 3277 890 3324 M,·
915 3276 973 3323 cf.
1002 3277 1043 3325 6,
1073 3277 1113 3318 1.
1278 3277 1321 3328 e)
1357 3277 1496 3318 dones
1525 3278 1600 3324 M,-
1628 3282 1677 3316 tu
1704 3278 1769 3316 illi
1798 3275 1918 3317 dona
1947 3279 1995 3318 Τ.
2175 3281 2208 3328 f)
2242 3280 2343 3320 Heu
2371 3291 2442 3320 me
2471 3277 2626 3320 dolens
2649 3281 2712 3320 Μ.

478 3331 524 3378 g)
558 3334 635 3372 sir.
665 3331 730 3370 19.
762 3329 829 3370 20.
865 3341 949 3370 om.
979 3330 1039 3371 Μ.
1202 3330 1249 3381 h)
1287 3335 1447 3370 cuncte
1482 3331 1679 3370 humane
1715 3331 1878 3370 milicie
1915 3333 1961 3372 V.
2126 3333 2157 3381 i)
2189 3343 2276 3382 que
2313 3333 2371 3381 V,·
2407 3345 2433 3373 o
2463 3344 2544 3373 rex
2574 3335 2622 3373 T.
2662 3355 2712 3363 —

479 3384 675 3422 celorum
711 3383 758 3423 V.
792 3384 839 3424 Τ.
1005 3383 1057 3432 k)
1095 3385 1261 3433 pioque
1297 3384 1350 3426 B.
1510 3383 1542 3434 1)
1581 3383 1750 3423 Karolo
1788 3385 1842 3423 B.
2006 3384 2068 3435 m)
2107 3385 2570 3426 Franckenrordensis
2607 3387 2714 3427 urbs

478 3437 640 3483 regalis
668 3438 789 3478 codd.
808 3436 1105 3484 francofurt.
1136 3438 1235 3476 duo.
1266 3437 1529 3486 [Genuinam
1559 3437 1776 3476 lectionem
1805 3442 1934 3476 antea
1953 3439 2158 3487 praebuit
2184 3440 2412 3490 Habillon,
2440 3441 2562 3489 Dipl.
2584 3442 2650 3482 od.
2671 3440 2712 3480 2.

388 3492 438 3532 30
468 3500 520 3537 Ρ.
550 3490 672 3540 246].
780 3492 827 3538 n)
855 3491 1091 3530 clementia.
1110 3491 1287 3538 priores
1314 3491 1409 3530 odd.
1436 3500 1490 3528 ex
1520 3491 1613 3532 cod.
1643 3491 1925 3537 Francorum.

478 3647 530 3718 1)
569 3649 873 3714 (Bobiensis
908 3651 1222 3702 monasterii
1247 3655 1546 3716 patronum
1575 3655 1738 3716 poeta
1773 3651 2087 3718 alloquitur.
2125 3653 2239 3718 Β).
2383 3655 2438 3720 2)
2480 3653 2560 3705 Ne
2584 3656 2714 3722 quid

474 3720 665 3772 deesset
699 3721 823 3772 huic
858 3722 1080 3773 editioni
1112 3736 1295 3773 eorum
1330 3736 1465 3788 quae
1499 3723 1559 3772 in
1585 3723 1872 3786 prioribus
1907 3723 2146 3774 exhibita
2180 3730 2322 3790 sunt,
2358 3727 2577 3791 repetivi
2616 3727 2714 3778 hoc

475 3806 707 3856 carmen,
742 3792 881 3859 quod
918 3793 982 3846 G.
1008 3791 1081 3846 H.
1107 3792 1268 3842 Pertz
1304 3791 1371 3842 ab
1406 3792 1462 3850 J,
1491 3789 1585 3846 Fr.
1616 3793 1848 3844 Bo'hmer
1882 3809 1950 3844 σω
1984 3795 2152 3846 codice
2199 3795 2432 3862 quodam
2467 3797 2714 3849 Franco-

475 3863 711 3926 furtensi
746 3865 1067 3930 descriptum
1104 3868 1387 3928 acceperat,
1439 3864 1527 3914 sed
1562 3863 1658 3915 hoc
1693 3865 1752 3914 in
1786 3880 1894 3916 non
1929 3867 2126 3931 paucis
2163 3867 2292 3918 aliis
2343 3867 2499 3919 libris
2547 3885 2714 3920 manu

386 3949 438 3988 35
473 3936 692 4002 scriptis
742 3939 931 3998 metat,
980 3951 1047 3986 ex
1095 3934 1291 4000 quibus
1338 3933 1406 3985 ab
1454 3935 1587 3986 aliis
1636 3937 1747 3986 iam
1795 3936 2007 4001 pridem
2057 3937 2253 3988 editum
2301 3945 2395 4005 est,
2447 3944 2506 3990 ut
2556 3956 2592 3989 a
2642 3941 2708 3996 F.

475 4004 533 4058 J.
572 4006 746 4069 Morte,
797 4005 1151 4056 ‘Lateinische
1198 4003 1449 4069 Hymnen
1497 4005 1588 4056 des
1639 4006 2000 4058 Mittelalters’
2038 4007 2144 4058 III
2185 4009 2484 4075 (Freiburg)
2534 4013 2570 4065 i.
2609 4011 2709 4066 Br.

479 4077 660 4141 1855),
694 4093 754 4142 Ρ.
792 4079 1094 4141 347—349,
1131 4092 1218 4129 nr.
1259 4078 1381 4142 982,
1419 4083 1468 4127 et
1503 4075 1561 4130 J.
1600 4076 1861 4142 Kehrein,
1901 4079 2252 4131 ‘Lateinische
2289 4081 2589 4150 Sequenzeu
2623 4083 2713 4134 des

474 4145 835 4198 Miuelalters’
886 4147 1107 4212 (Mainz
1163 4149 1331 4213 1873)
1376 4163 1436 4212 Ρ.
1487 4149 1595 4202 418
1632 4163 1740 4214 sq„
1794 4165 1882 4200 nr.
1935 4151 2054 4204 617.
2149 4151 2235 4214 Cf.
2300 4152 2358 4207 U.
2419 4153 2710 4219 Chcvalier,

472 4217 845 4283 Repertorium
869 4218 1287 4284 hymnoloyicum
1310 4219 1593 4282 (Analecta
1613 4219 2006 4276 Bollandiaua)
2029 4237 2116 4274 nr.
2139 4223 2314 4276 20916
2340 4223 2446 4290 (ΙΙ,
2473 4241 2534 4290 Ρ.
2559 4227 2709 4290 695).

380 4302 436 4340 40
477 4287 626 4350 Quod
661 4303 875 4340 carmen
903 4289 1133 4354 praebeo
1167 4290 1370 4340 mendis
1401 4291 1655 4356 priorum
1693 4291 1980 4342 editionum
2007 4298 2325 4359 puryatum,
2381 4295 2573 4347 addita
2621 4311 2711 4348 εω-

473 4364 642 4410 trema
690 4360 918 4425 stropha
967 4362 1163 4424 (nescio
1215 4376 1290 4412 an
1329 4366 1456 4426 post
1506 4361 1756 4427 adiecta),
1806 4377 1940 4428 quae
1989 4365 2048 4414 in
2101 4364 2269 4416 codice
2322 4366 2416 4418 illo
2467 4367 2710 4418 Franco-

473 4430 967 4551 {unembdegatjy
1010 4432 1235 4482 Variam
1273 4433 1535 4483 lectionem
1571 4432 1838 4484 librorum
1875 4433 2134 4488 adnotare
2169 4437 2322 4488 nolui
2345 4444 2568 4504 praeter
2601 4445 2710 4490 tres

492 4516 621 4555 ocos,
743 4543 754 4556 .
853 4529 900 4556 .-
964 4544 975 4556 .
