3221 5163
345 882 464 950 774.
488 891 809 975 positum.
903 891 1094 954 Finis
1159 894 1398 955 tamen
1466 883 1673 953 hffilss
1709 881 1785 954 “b

266 1660 272 1669 .
365 1625 384 1645 ’1
421 1626 435 1648 ¹
485 1607 880 1687 susc‘e'ptum
913 1607 1048 1680 est;
1085 1604 1247 1685 quia
1271 1603 1590 1680 SaxoneS,
1627 1602 1808 1666 sicut
1838 1623 2074 1666 omnes
2106 1601 2253 1666 fere
2279 1600 2719 1688 Germaniam

3202 415 3206 444 ι

486 533 523 586 8
1071 527 1460 582 EINHARDI
1496 528 1689 584 VITA
1726 527 2025 583 KAROLI
2060 528 2141 584 M.
3178 449 3206 628 r?

3200 635 3205 700 i

487 713 676 776 illius
723 713 1001 800 modum
1049 713 1280 796 potius
1317 733 1522 795 quam
1570 712 1909 776 bellorum
1955 733 2131 796 quae
2178 712 2391 796 gessit
2438 715 2722 776 eventus

489 803 898 866 memoriaea
925 796 1276 866 ‘mandare
1346 802 1696 888 praesenti
1763 822 1803 865 o
1855 822 1967 866 ere
2037 802 2266 866 animo
2336 804 2516 865 esset
2575 821 2723 884 pro·
3200 883 3205 889 Δ

1790 823 1911 1041 ἐξ
1977 891 2118 954 fuit
2176 891 2465 955 subacta
2512 890 2723 953 Italia
3176 892 3207 944 ¹·

489 983 559 1046 et
617 1001 737 1044 rex
783 979 1184 1044 Desiderius
1242 983 1578 1064 perpetuo
1650 979 1872 1055 exilio
1926 980 2328 1064 deportatus
2398 983 2469 1042 et
2538 978 2721 1042 filius

487 1071 632 1132 eius
677 1068 1052 1152 Adalgisus
1099 1069 1310 1132 Italia
1368 1068 1607 1152 pulsus
1670 1071 1745 1133 et
1798 1073 1907 1156 res
1968 1090 2009 1132 a
2061 1062 2713 1151 Langobardorumb
2759 1088 2785 1127 5

485 1158 764 1240 regibus
841 1161 1156 1240 ereptae0
1219 1152 1570 1221 Adrianod
1636 1156 1988 1225 Romanae
2066 1157 2393 1223 ecclesiae
2470 1157 2721 1222 rectori

485 1247 870 1311 restitutae.
1829 1269 1839 1320 f

703 1331 797 1398 7.*
861 1336 1027 1400 Post
1073 1337 1268 1400 cuius
1315 1337 1521 1400 finem
1561 1335 1996 1411 Saxonicum,
2045 1335 2229 1418 quod
2276 1335 2471 1418 quasi
2514 1335 2719 1400 inter·
3195 1227 3207 1414 ἲ

485 1425 766 1488 missum
822 1425 1186 1490 videbatur
1205 1424 1250 1502 ¹,
1311 1425 1687 1508 repetitum
1748 1427 1873 1488 est.
1968 1423 2119 1502 Quo
2181 1424 2452 1488 nullum
2498 1444 2721 1507 neque
3176 1419 3205 1514 ff}

485 1514 816 1597 prolixius
848 1534 1069 1596 neque
1103 1514 1402 1578 atrocius
1437 1513 1991 1595 Francorumque
2024 1513 2279 1598 populo
2312 1513 2719 1577 laboriosius
2758 1533 2811 1570 ιο
3200 1555 3204 1582 ι

406 1706 421 1714 ’
484 1692 865 1757 incolentes
895 1693 1232 1768 nationeS,
1267 1695 1338 1756 et
1369 1694 1622 1755 natura
1650 1692 1916 1756 feroces
1949 1695 2020 1756 et
2052 1691 2275 1755 cultui
2308 1693 2721 1756 daemonum

486 1781 706 1844 dediti
750 1785 1160 1863 nostraeque
1198 1780 1519 1863 religioni
1551 1781 1897 1858 contrarii,
1948 1801 2169 1863 neque
2217 1780 2452 1844 divina
2495 1801 2718 1863 neque
3176 1762 3191 1849 l

486 1870 787 1934 humana
853 1870 1006 1933 iura
1059 1869 1564 1954 ‘Velm-polluere
1632 1869 1742 1933 vel
1812 1869 2207 1953 transgredi
2272 1869 2716 1933 inhonestum
3176 1797 3207 1951 ιι

485 1959 1021 2024 arbitrabantur.
1116 1941 1460 2022 Suberant
1507 1961 1578 2022 et
1626 1979 1890 2036 causae,
1954 1979 2129 2040 quae
2178 1957 2431 2022 cotidie
2478 1978 2714 2041 pacem
2758 1979 2808 2016 15
3174 1964 3197 2041 2⁴

483 2048 895 2112 conturbare
941 2050 1282 2131 poterant,
1329 2047 1649 2111 termini⁰
1688 2047 2012 2111 videlicet
2059 2047 2277 2110 nostri
2324 2050 2395 2110 et
2438 2047 2719 2111 illorum

483 2157 700 2220 poene
746 2137 1002 2219 ubique
1048 2137 1121 2199 in
1169 2137 1376 2220 plano
1425 2136 1755 2218 contigui,
1817 2138 2092 2220 praeter
2136 2157 2364 2219 pauca
2374 2135 2581 2214 joca,
2644 2137 2718 2198 in

483 2225 731 2308 quibus
784 2226 889 2290 vel
949 2226 1161 2290 silvae
1222 2225 1513 2290 maiores
1559 2225 1670 2288 vel
1724 2225 2065 2288 montium
2127 2225 2291 2308 iuga
2349 2225 2717 2289 interiecta
2884 2281 2912 2288 ,

482 2318 928 2397 utrorumque
977 2334 1176 2397 agros
1239 2318 1426 2378 certo
1473 2314 1697 2378 limite
1758 2314 2263 2392 disterminant,
2332 2315 2404 2377 in
2467 2313 2715 2396 quibus

483 2403 724 2469 caedes
772 2407 844 2468 et
902 2404 1186 2487 rapinae
1247 2396 1360 2467 ets
1413 2403 1735 2467 incendia
1781 2402 2077 2467 vicissim
2126 2403 2274 2466 fieri
2318 2423 2459 2467 non
2507 2423 2717 2466 cessa·
2754 2426 2807 2463 20

482 2492 670 2556 bant.
765 2491 1032 2571 Quibus
1093 2494 1264 2556 adeo
1325 2493 1575 2556 Franci
1644 2494 1807 2554 sunt
1874 2492 2149 2568 irritati,
2221 2495 2301 2554 ut
2369 2513 2507 2556 non
2576 2492 2715 2555 iam

480 2581 1020 2648 vicissitudinem
1067 2581 1373 2660 reddere,
1445 2581 1566 2646 sed
1628 2584 1943 2665 apertum
2005 2584 2246 2646 contra
2292 2602 2407 2645 eos
2455 2580 2715 2647 bellum

479 2672 824 2754 suscipere
871 2672 1157 2755 dignum
1203 2671 1614 2735 iudicarent.
1700 2670 2112 2754 Susceptum
2158 2674 2263 2735 est
2307 2671 2567 2753 igiturg
2605 2671 2716 2734 ad—

479 2752 760 2824 versush-
809 2780 924 2825 eos
978 2761 1257 2837 bellum,
1329 2760 1515 2843 quod
1561 2780 1815 2843 magna
1845 2760 2207 2842 utrimque
2253 2760 2713 2836 animositate,

477 2852 711 2913 tamen
779 2851 1035 2914 maiore
1082 2849 1428 2913 Saxonum
1497 2870 1704 2932 quam
1765 2849 2185 2913 Francorum
2256 2850 2526 2926 damno,
2597 2869 2719 2932 per
2754 2870 2806 2909 25

481 2939 841 3003 continuos
885 2939 1179 3023 triginta
1236 2931 1413 3003 tres¹
1474 2958 1689 3001 annos
1711 2938 1735 2975 ²
1801 2938 2188 3022 gerebatur.
2280 2937 2567 3001 Poterat
2634 2938 2717 3001 si·
3175 2946 3193 3018 ,ξ

479 3028 756 3110 quidem
804 3028 1009 3092 citius
1056 3028 1258 3105 finiri,
1323 3027 1383 3090 si
1429 3026 1775 3090 Saxonum
1823 3027 1954 3114 hqc
2002 3026 2291 3109 perfidia
2338 3029 2713 3110 pateretur.

477 3116 785 3181 Difficile
835 3108 1072 3180 dictuk
1109 3120 1234 3193 est,
1283 3116 1552 3199 quoties
1599 3115 1909 3199 superati
1956 3136 2035 3179 ac
2076 3114 2419 3199 supplices
2456 3117 2604 3200 regi
2642 3136 2714 3179 se

477 3199 961 3283 dedideruntl,
1031 3205 1371 3288 imperata
1428 3202 1768 3268 facturo&
1784 3204 2081 3289 polliciti
2136 3208 2367 3281 sunt0,
2440 3205 2714 3269 obsides

475 3294 594 3375 qui
639 3294 1161 3377 imperabantur
1207 3293 1463 3376 absque
1511 3294 1847 3358 dilatione
1880 3293 2239 3370 dederunt,
2288 3293 2555 3376 legatos
2594 3294 2716 3377 qui
2753 3316 2805 3354 30

476 3383 936 3447 mittebantur
967 3385 1434 3466 susceperunt,
1485 3383 1851 3465 aliquoties
1882 3383 1983 3445 ita
2017 3382 2262 3446 domiti
2294 3385 2364 3446 et
2398 3382 2712 3459 emolliti,
3204 3444 3206 3451 .

476 3474 556 3533 ut
625 3472 835 3535 etiam
907 3472 1170 3535 cultum
1243 3473 1653 3535 daemonum
1724 3471 2075 3538 dimittere
2147 3475 2217 3535 et
2278 3470 2712 3535 Christianae
3179 3484 3206 3566 F}

474 3560 793 3644 religioni
839 3582 910 3625 se
967 3561 1259 3625 subdere
1305 3561 1484 3625 velle
1538 3560 2045 3644 promitterent.
2140 3559 2275 3623 Sed
2336 3560 2515 3624 sicut
2574 3562 2713 3623 adnu
2923 3564 2952 3608 'x
3191 3556 3206 3601 '¹

475 3650 644 3713 haec
691 3649 1014 3714 facienda
1060 3649 1424 3733 aliquoties
1467 3650 1685 3733 proni,
1736 3650 1832 3712 sic
1865 3650 1953 3712 ad
1986 3648 2221 3713 eadem
2258 3650 2710 3733 pervertenda

474 3758 743 3821 semper
787 3739 984 3803 fuere
1030 3739 1462 3823 praecipiteS‚
1513 3760 1653 3803 non
1700 3738 1833 3801 sitn
1872 3741 1954 3801 ut
1991 3738 2158 3801 satis
2198 3738 2580 3813 aestimare,
2622 3738 2710 3800 ad
2750 3758 2801 3797 ³5

3202 3230 3205 3237 .
3203 3122 3205 3147 ...
3202 3090 3205 3109 -
3196 2882 3207 3043 Q-——.
3201 2832 3205 2873 —.

703 3892 756 3963 *)
794 3892 934 3949 Wal.
985 3896 1128 3975 ⁶28²
1181 3891 1361 3946 Belli0
1407 3890 1668 3946 Saxonici
1716 3890 2042 3960 difficultas,
2099 3891 2429 3945 diuturnitas
2479 3894 2535 3945 et
2585 3909 2710 3945 con·
3180 3890 3206 3933 ³³·

791 3980 1105 4021 summac10.

472 4108 514 4156 a)
553 4118 637 4149 om.
671 4107 712 4146 A
731 4107 770 4147 3.
933 4107 980 4159 b)
1015 4107 1213 4154 Longab.
1252 4107 1293 4145 B
1312 4108 1350 4149 1.
1510 4106 1551 4157 c)
1589 4117 1675 4146 om.
1704 4106 1784 4145 A2
1813 4105 1979 4157 (ablate
2008 4109 2112 4155 post
2140 4106 2243 4145 add.
2274 4106 2419 4157 A2²);
2460 4110 2591 4155 rapte
2620 4107 2705 4147 02.
3183 4070 3206 4234 Χ

472 4158 518 4262 ᾱζ
547 4157 775 4199 Hadriano
803 4161 881 4200 Bl
910 4161 1011 4208 (hoo
1037 4162 1168 4209 loco).
1199 4161 1239 4199 3.
1270 4161 1308 4199 C'
1316 4160 1356 4199 1.
1495 4160 1537 4211 e)
1565 4170 1651 4199 om.
1682 4160 1768 4198 02.
1905 4160 1939 4211 1)
1969 4159 2044 4199 vel
2070 4159 2165 4198 Al.
2196 4159 2247 4198 P.
2376 4158 2421 4208 g)
2451 4170 2557 4208 ergo
2585 4160 2705 4200 ΔΒΕ.

470 4215 502 4315 ἰ)
532 4267 752 4306 dederunt
777 4268 817 4306 A
833 4268 869 4309 2.
897 4268 991 4306 132.
1022 4268 1119 4318 023
1150 4264 1424 4307 dediderunt
1451 4267 1580 4305 etiam
1606 4267 1721 4315 Moy.
1823 4266 1883 4317 m)
1908 4267 2015 4315 aliq.
2036 4262 2096 4305 ad
2113 4266 2226 4305 haec
2245 4266 2331 4305 fac.
2354 4267 2393 4304 A
2408 4267 2447 4307 1.
2550 4266 2597 4317 n)
2618 4277 2709 4305 non

471 4321 530 4359 sit
556 4325 607 4359 ut
634 4330 746 4359 corr.
776 4324 826 4360 ut
853 4332 940 4359 non
969 4321 1028 4360 sit
1054 4320 1152 4371 A2,
1180 4324 1219 4359 et
1247 4321 1309 4359 ἰεα
1335 4320 1375 4358 A
1391 4321 1454 4363 2⁸.
1480 4320 1554 4367 J.‚·
1579 4330 1638 4359 ne
1666 4318 1794 4370 (corr.
1822 4321 1921 4370 nec)
1951 4320 2009 4359 sit
2037 4320 2124 4359 (12.
2236 4318 2281 4369 o)
2304 4319 2409 4360 Sax.
2431 4320 2538 4359 belli
2558 4320 2704 4360 Hann.

547 4217 705 4253 contra
732 4214 825 4257 ΑΞ.
851 4215 946 4253 32.
975 4214 1089 4262 Mea.
1225 4214 1260 4263 i)
1295 4213 1446 4253 XXIII
1475 4214 1561 4253 (12.
1699 4212 1749 4264 k)
1782 4212 1951 4252 dictum
1976 4213 2071 4253 Β1.
2104 4213 2143 4261 2,
2178 4223 2293 4254 corr.
2320 4212 2442 4251 dictu
2468 4213 2564 4252 Al.
2593 4213 2634 4251 2.
2666 4214 2705 4251 3.
2745 4213 2799 4249 40

473 4446 526 4513 1)
576 4445 728 4513 [Iam
778 4461 828 4498 a.
868 4446 988 4499 772.
1038 4446 1367 4513 susceptum]
1402 4444 1571 4509 (Suet.
1612 4444 1751 4509 Auq.
1793 4445 1890 4498 16:
1927 4441 2172 4497 Siculum
2209 4443 2416 4497 bellum
2454 4486 2467 4500 .
2508 4486 2520 4499 .
2562 4487 2574 4499 .
2614 4442 2709 4495 diu

469 4516 636 4568 traxit
670 4514 1040 4568 intermissum
1077 4514 1330 4584 saepius).
1477 4516 1534 4582 2)
1578 4515 1645 4569 A.
1674 4516 1989 4570 772—804.
