3221 5163
886 551 894 556 ·
993 519 1380 576 EINHARDI
1416 518 1610 574 VITA
1646 517 1947 573 KAROLI
1983 517 2061 575 M.
2530 519 2643 575 XV

410 705 678 772 tationes
743 703 881 769 eius
891 755 910 786 ,
988 702 1132 769 licet
1195 703 1458 768 multam
1525 701 1942 766 eruditionem
2008 707 2331 783 testantes,
2404 721 2645 784 semper

411 795 546 875 fere
588 793 786 858 ululis
828 793 1120 857 Athenas
1153 789 1431 874 portatis
1475 789 1865 872 aequaveris.

626 889 686 948 7.
758 881 1037 947 Ioannis
1070 878 1442 946 Hermanni
1475 879 1863 960 Schmincke,
1905 878 2186 944 Traiecti
2230 881 2319 944 ad
2350 879 2646 945 Rhenum

413 995 475 1038 a.
536 977 728 1036 1711.
787 970 860 1035 in
907 971 998 1033 4⁰.
1060 968 1324 1034 Primus
1382 967 1664 1034 codicum
1722 966 2104 1050 Bodleiani,
2172 967 2643 1050 Luqdunensis,

349 1085 379 1125 ο
422 1059 1016 1143 Gaioqonvitlensis,
1081 1057 1413 1123 Sionensis
1470 1063 1530 1122 et
1593 1055 1953 1137 Casselani,
2003 1063 2341 1138 praeterea
2398 1056 2648 1122 Alberti

417 1148 749 1216 Stadensis
793 1147 1184 1229 aliorumque
1227 1145 1605 1229 scriptorum
1650 1144 1762 1227 qui
1804 1144 2220 1210 Einhardum
2262 1144 2458 1211 secuti
2500 1152 2652 1210 sunt

415 1237 705 1303 lectiones
757 1235 946 1318 dedit,
1007 1243 1066 1301 et
1121 1242 1352 1302 textum
1409 1254 1651 1299 summo
1706 1233 1948 1299 annisu
2004 1235 2338 1300 emendare
2395 1241 2455 1299 et
2508 1235 2647 1299 illu-

415 1333 623 1391 strare
698 1331 989 1406 conatus,
1066 1323 1344 1390 Besselii
1419 1322 1965 1404 commentarium,
2057 1323 2370 1388 Bollandi
2444 1329 2645 1404 notas,

425 1414 720 1480 Goldasti
781 1413 1365 1479 animadversiones
1423 1433 1688 1494 eousque
1744 1411 2216 1494 manuscriptas
2227 1463 2245 1494 ,
2319 1411 2650 1477 Nuenarii

329 1528 382 1567 10
417 1502 919 1568 dissertationem
985 1505 1060 1568 de
1128 1502 1373 1584 oriqine
1431 1502 1871 1581 Francorum,
1934 1500 2209 1565 Freheri
2266 1503 2343 1566 de
2400 1507 2649 1566 statura

431 1590 649 1657 Caroli
693 1591 950 1674 Maqni,
1012 1597 1070 1656 et
1120 1611 1302 1656 suum
1362 1591 1438 1654 de
1493 1589 1631 1654 vita
1688 1595 1747 1654 et
1803 1589 2058 1670 scriptis
2102 1589 2437 1655 Einhardi
2496 1611 2650 1656 com-

417 1680 801 1746 mentarium
846 1680 1021 1761 operi
1063 1679 1314 1744 adiecit.

633 1775 692 1834 8.
786 1767 1102 1850 Bouqueti
1159 1789 1221 1831 a.
1274 1773 1471 1848 1744,
1535 1774 1695 1832 tomo
1746 1768 1820 1832 V.
1873 1768 1993 1832 SS.
2051 1767 2484 1848 Gallicorum:
2543 1770 2649 1832 ad-

419 1857 638 1923 hibitis
696 1878 911 1922 novem
971 1856 1286 1922 codicibus
1343 1855 1540 1939 reyiis
1597 1855 2098 1936 Parisiensibus,
2161 1877 2313 1938 quos
2368 1856 2538 1922 inter
2595 1863 2655 1922 et

334 1970 384 2010 15
432 1945 834 2012 Chesnianos
877 1945 1080 2026 fuisse
1125 1945 1384 2028 opinari
1429 1945 1588 2010 licet.

637 2042 697 2098 9.
792 2034 1055 2100 Nicolai
1112 2035 1470 2115 Heerkens,
1537 2034 1912 2117 Groninyae
1978 2057 2040 2100 a.
2109 2041 2298 2099 1755.
2367 2034 2442 2100 in
2502 2040 2654 2116 8V⁰;

424 2123 896 2190 Schminckium
939 2131 1010 2188 ut
1040 2124 1393 2206 plurimum
1437 2123 1738 2204 sequitur.

641 2220 743 2276 10.
829 2212 1156 2278 Gabrietis
1197 2212 1548 2292 Godofredi
1591 2212 1887 2293 Bredow,
1935 2211 2325 2278 Helm-stadii
2360 2235 2420 2278 a.
2461 2219 2652 2278 1806.

422 2302 494 2367 in
542 2309 673 2366 8V0.
751 2302 1022 2368 Praeter
1063 2308 1274 2367 vetera
1318 2301 1606 2366 subsidia
1635 2301 1886 2366 Alberti
1917 2301 2251 2367 Stadensis
2294 2309 2353 2367 et
2379 2301 2657 2367 Henrici

335 2416 389 2455 20
423 2392 498 2456 de
587 2390 958 2456 Hervordia
972 2442 989 2470 ,
1081 2390 1193 2472 qui
1266 2390 1682 2455 Einhardum
1772 2390 2273 2473 exscripserunt,
2365 2391 2656 2456 lectiones

423 2479 663 2561 attulit,
734 2485 793 2544 et
859 2479 1229 2561 conquisitis
1293 2478 1572 2560 undique
1638 2499 1799 2560 quae
1865 2479 2209 2544 Einhardo
2275 2479 2657 2544 illustrando

421 2567 732 2635 inservire
769 2576 1058 2653 possent,
1119 2567 1191 2635 id
1235 2566 1580 2651 praecipue
1637 2567 1891 2648 efficere
1947 2567 2214 2634 voluisse
2264 2568 2528 2651 videtur,
2589 2575 2660 2633 ut

422 2658 784 2723 tristissimo
831 2664 1100 2743 tempore
1154 2658 1510 2723 Germanos
1567 2656 1871 2738 antiquae
1927 2658 2183 2723 virtutis
2240 2660 2514 2740 exemplo
2572 2660 2661 2723 ad

425 2746 990 2829 redinteqrandam
1057 2768 1196 2812 eam
1261 2745 1576 2811 incitaret.
1692 2748 1873 2827 Quod
1929 2748 2019 2811 ad
2074 2747 2480 2827 efficiendum
2540 2747 2658 2813 uti-

335 2859 389 2900 25
423 2857 578 2901 nam
622 2856 870 2920 semper
913 2836 1187 2901 historia
1221 2834 1448 2916 patria
1492 2834 1741 2899 valeat!

638 2925 794 2989 Post
849 2925 961 2988 hos
1017 2923 1354 3005 sexayinta
1410 2922 1691 2989 codicum
1736 2945 1847 3007 ope
1890 2945 2119 2990 novam
2172 2924 2505 2990 editionem
2562 2924 2658 2989 in-

424 3011 636 3092 stitui,
714 3032 978 3093 quorum
1051 3011 1356 3077 maiorem
1419 3018 1672 3094 partem
1745 3013 1819 3078 in
1904 3012 2323 3095 Germaniae,
2402 3014 2655 3095 Italiae,

426 3099 784 3181 Helvetiae,
845 3100 1064 3183 Belyii
1077 3152 1094 3182 ,
1166 3100 1451 3182 Galliae,
1511 3100 1909 3167 Britanniae
1965 3102 2347 3168 bibliothecis
2402 3102 2663 3187 ipsemet

427 3188 641 3253 evolvi.
733 3190 824 3254 In
870 3196 1050 3255 tanta
1096 3189 1406 3255 librorum
1449 3189 1633 3271 copia
1674 3190 1980 3272 inprimis
2036 3193 2443 3274 spectandum
2500 3198 2656 3272 erat,

339 3302 392 3342 ιο
425 3283 515 3358 ut,
562 3297 683 3358 quo
727 3298 896 3343 nexu
939 3280 1103 3343 alter
1131 3280 1211 3344 ab
1243 3279 1444 3343 altero
1474 3299 1802 3361 omnesque
1832 3282 1913 3345 ab
1943 3280 2276 3345 Einhardi
2306 3281 2661 3346 authentico

415 3366 797 3448 penderent,
866 3367 1352 3450 investiyarem,·
1419 3366 1658 3449 levique
1723 3368 1970 3449 neqotio
2036 3390 2248 3434 omnes
2314 3369 2425 3451 qui
2480 3372 2660 3433 modo

427 3454 749 3537 supersint
792 3455 1030 3521 codices
1073 3478 1116 3521 a
1161 3457 1402 3523 duobus
1446 3456 1747 3538 exemplis
1790 3457 2079 3523 derivari
2124 3457 2569 3527 animadverti.

1877 3564 1956 3630 G.
2004 3564 2094 3629 H.
2144 3564 2335 3631 PER
2345 3566 2480 3629 TZ

643 3775 774 3843 Sed
842 3774 1096 3855 infelici
1171 3797 1327 3843 sane
1402 3798 1555 3843 casu
1630 3776 1893 3858 accidit,
1970 3779 2138 3859 quod
2208 3776 2663 3843 vetustissimus

344 3887 396 3927 ⁸5
431 3863 711 3929 omnium
754 3865 890 3945 fere
935 3864 1231 3947 codicum,
1293 3886 1446 3948 quos
1502 3865 1608 3930 vir
1666 3868 1741 3931 de
1797 3864 2209 3947 scriptoribus
2267 3864 2407 3931 aevi
2452 3868 2663 3931 Karo-

432 3951 654 4035 linqioi
698 3953 924 4036 optime
966 3953 1230 4019 meritus
1275 3953 1532 4037 colleqit,
1565 3954 1866 4037 idemque,
1902 3976 2039 4021 cum
2070 3976 2299 4021 novam
2329 3954 2664 4020 editionem

419 4048 710 4123 pararet,
779 4042 995 4108 statim
1052 4040 1114 4107 ei
1173 4043 1415 4109 oblatus
1473 4050 1530 4109 et
1587 4043 1923 4125 ditiyenter
1980 4045 2060 4109 ab
2119 4043 2258 4125 ipso
2316 4044 2665 4126 descriptus

434 4162 520 4173 --
566 4130 1105 4197 Vindobonensem
1151 4131 1290 4197 dico
1335 4152 1438 4197 nr.
1474 4138 1622 4214 529,
1672 4139 1819 4198 tunc
1862 4132 2007 4197 hist.
2044 4132 2221 4213 prof.
2270 4153 2371 4198 nr.
2408 4138 2532 4196 667
2577 4168 2664 4178 -

431 4218 678 4281 saeculo
730 4220 780 4282 I
778 4220 866 4284 X.
915 4242 1008 4285 ex.
1071 4226 1390 4302 exaratus,
1450 4220 1697 4286 mendis
1755 4242 1884 4286 non
1929 4220 2165 4303 paucis
2222 4228 2312 4286 est
2370 4242 2667 4304 aspersus
2746 4235 2759 4247 ·

343 4330 398 4369 ιο
433 4310 561 4369 tam
606 4304 680 4370 in
725 4307 997 4389 sinyulis
1047 4309 1367 4375 vocabulis
1424 4308 1774 4376 scribendis
1832 4330 2023 4391 quam
2079 4309 2271 4375 etiam
2328 4310 2402 4376 in
2458 4310 2667 4377 verbis

433 4399 655 4459 temere
699 4396 974 4477 mutatis,
1023 4398 1265 4465 additis
1308 4399 1405 4464 vel
1449 4398 1717 4464 omissis.
1820 4400 2099 4481 Quorum
2147 4420 2315 4481 pars
2371 4398 2445 4465 in
2502 4399 2667 4465 alios

433 4482 697 4549 transiit
740 4483 979 4549 codices
1021 4487 1392 4553 recentioris
1435 4488 1686 4569 quidem
1731 4488 1977 4571 aetatis,
2010 4489 2121 4553 sed
2149 4494 2415 4571 prwter
2444 4489 2665 4569 affini-
