3221 5163
494 482 567 534 44
1410 477 1821 534 APPENDIX.

774 666 834 723 2.
908 662 1056 725 Iste
1105 664 1301 725 cetus
1348 661 1605 745 psallas:
1651 661 1852 739 letne,

904 750 1161 835 psallat
1206 751 1457 814 chorus
1504 751 1618 813 hic
1665 772 1949 815 sonorus

996 839 1217 903 vocali
1264 839 1651 903 concordia.

906 930 1007 993 Ac
1056 929 1222 992 dum
1269 948 1512 991 manus
1558 932 1888 1011 operatur

906 1016 1181 1092 bonum,
1230 1018 1415 1100 quod
1463 1037 1580 1081 cor
1626 1018 2020 1095 meditafiur,
2770 1037 2796 1077 ⁵

996 1105 1218 1170 dulcis
1266 1110 1372 1170 est
1418 1106 1822 1190 psalmodia.

774 1234 833 1294 3.
908 1229 1061 1294 Hac
1106 1230 1181 1293 in
1228 1230 1359 1307 die,
1412 1231 1524 1295 die
1571 1231 1754 1295 festa

905 1319 1139 1402 magni
1183 1320 1364 1401 regis
1412 1341 1663 1403 magna
1709 1322 1906 1403 gesta

994 1408 1257 1472 recolat
1305 1408 1616 1472 ecclesia.

905 1496 1129 1579 Reges
1174 1500 1357 1561 terre
1406 1501 1476 1561 et
1521 1517 1758 1561 omnes
1805 1495 2047 1581 populi
2067 1495 2108 1569 1,
2773 1515 2824 1554 ιο

907 1606 1142 1649 omnes
1188 1586 1395 1649 simul
1441 1586 1782 1669 plaudant
1829 1590 1900 1651 et
1947 1583 2205 1669 singuli

995 1674 1248 1739 celebri
1294 1674 1553 1739 letitia!

773 1804 835 1861 4.
908 1799 1042 1862 Hic
1091 1803 1195 1863 est
1243 1798 1504 1863 Christi
1551 1798 1749 1864 miles
1796 1799 2019 1876 fortiS,

907 1889 1019 1951 hic
1064 1888 1321 1952 invicte
1370 1890 1508 1953 dux
1556 1889 1859 1952 cohortis

995 1977 1246 2041 ducum
1295 1978 1544 2040 sternii:
1590 1977 1813 2053 milia;
2773 1992 2822 2032 ιο

905 2066 1182 2130 Terram
1230 2066 1465 2149 purgit
1511 2065 1680 2129 lolio

906 2157 1112 2237 atque
1161 2156 1361 2219 metit
1406 2154 1641 2239 gladio

994 2264 1077 2307 ex
1124 2264 1339 2307 messe
1387 2244 1664 2307 zizania.

775 2372 836 2429 5.
908 2367 1043 2431 Hic
1093 2369 1197 2431 est
1245 2387 1533 2449 magnus
1580 2368 1975 2450 imperator,

906 2456 1072 2520 boni
1116 2456 1387 2519 fructus
1435 2458 1655 2520 bonus
1703 2461 1890 2520 sator
2771 2472 2824 2511 20

997 2548 1067 2610 et
1115 2546 1415 2630 prudens
1464 2545 1786 2630 agricola.

908 2635 1235 2699 Infideles
1284 2636 1396 2700 hic
1444 2637 1804 2712 convertit,

907 2724 1091 2800 fana,
1142 2725 1304 2789 deos
1350 2725 1464 2789 hic
1512 2725 1780 2800 evertit,

998 2817 1069 2877 et
1116 2814 1495 2896 confringit
1539 2813 1747 2876 idola.

777 2943 838 3000 6.
910 2937 1046 3002 Hic
1094 2940 1425 3021 superbos
1471 2938 1708 3002 domat
1754 2957 1968 3020 regeS,
2773 2963 2823 3003 2⁶

908 3027 1020 3090 hic
1067 3047 1356 3111 regnare
1404 3047 1630 3090 sacras
1678 3026 1866 3110 leges

995 3116 1169 3179 facit
1216 3137 1373 3179 cum
1419 3116 1720 3191 iustitia;
1873 3119 1888 3132 ‘

910 3202 1134 3283 Quam
1179 3208 1420 3268 tuetur
1466 3225 1545 3268 eo
1594 3205 1748 3280 fine,

908 3296 989 3356 ut
1036 3297 1107 3356 et
1151 3294 1393 3371 iustus,
1445 3293 1562 3356 sed
1610 3313 1736 3357 nec
1787 3293 1975 3368 sine,

999 3382 1090 3444 sit
1136 3382 1621 3446 misericordia.
2775 3407 2828 3446 ao

779 3510 839 3568 7.
912 3505 1082 3571 Oleo
1129 3506 1354 3570 letitie

909 3598 1162 3659 unctus
1210 3596 1389 3658 dono
1436 3595 1660 3678 graffie

999 3684 1287 3748 ceberisa
1342 3704 1464 3768 pre
1524 3683 1801 3765 regibus
1824 3683 1865 3760 2,

910 3771 1083 3836 Cum
1134 3792 1384 3836 corona
1431 3771 1649 3855 glorie

911 3862 1293 3926 maiestatis
1336 3862 1523 3943 regie
2776 3884 2829 3924 aa

996 3951 1370 4032 insignitur
1414 3951 1738 4014 fascibus,

501 4161 545 4210 a)
576 4161 742 4199 exteris
770 4160 866 4198 edd.
889 4159 1067 4208 priores
1093 4169 1148 4197 ex
1174 4159 1266 4202 cod.
1292 4159 1571 4206 Francorum.

504 4319 556 4388 1)
608 4319 722 4384 (Ps.
772 4320 890 4386 148,
931 4322 1014 4374 11.
1068 4320 1166 4372 12:
1217 4316 1397 4385 Reges
1446 4321 1626 4370 terrae
1675 4321 1731 4370 et
1781 4333 1968 4370 omnes
2016 4317 2208 4385 populi
2260 4359 2274 4373 .
2323 4360 2336 4373 .
2387 4361 2398 4373 .
2451 4361 2462 4373 .
2513 4315 2739 4369 laudent

500 4405 703 4442 nomen
738 4388 1002 4455 Domini).
1149 4391 1203 4455 2)
1242 4389 1356 4454 (Ps.
1391 4391 1479 4454 44,
1505 4392 1569 4444 8:
1606 4392 1900 4456 propterea
1938 4389 2096 4440 unxit
2133 4395 2189 4442 te
2226 4387 2390 4454 DeuS,
2429 4387 2575 4442 Deus
2611 4392 2738 4441 tuus

502 4461 624 4514 oleo
662 4460 901 4514 laetitiae
937 4477 1071 4529 prae
1108 4459 1452 4513 consortibus
1489 4460 1637 4520 tuis).
2775 4475 2832 4514 40
