3221 5163
1026 512 1411 568 EINHARDI
1448 510 1644 568 VITA
1684 511 1983 566 KAROLI
2019 513 2098 569 M.
2509 512 2679 569 XXV
2777 503 2789 512 ’

441 697 742 763 Berolini
787 697 1015 762 librum
1062 698 1137 761 de
1181 696 1313 760 vita
1350 695 1683 761 Einhardi
1728 695 2015 776 edidisse,
2063 698 2377 778 quaedam
2424 697 2498 761 de
2544 695 2677 762 vita

442 788 579 852 eius
602 792 904 853 tractasse
924 786 1245 850 Karolum
1263 786 1515 866 Hampe
1541 784 1649 850 ‘N.
1668 784 1929 850 Archiv'
1948 785 2157 866 XXI,
2179 805 2250 866 p.
2272 787 2671 850 599—6311.

444 877 598 940 Non
642 875 855 956 facere
890 895 1165 956 possum,
1215 874 1370 955 quin
1403 895 1618 955 pauca
1664 875 1901 938 addam
1947 874 2022 938 de
2070 873 2432 955 quaestione
2490 895 2675 957 saepe

441 970 734 1044 tractata,
765 969 976 1027 utrum
1006 962 1240 1028 scilicet
1269 963 1653 1028 Einhardus
1680 962 1755 1026 in
1789 961 1939 1026 Vita
1970 962 2212 1029 Karoli
2244 963 2345 1027 M.
2379 964 2674 1029 Annales

377 1079 403 1118 5
441 1053 552 1135 qui
596 1053 894 1118 dicuntur
931 1051 1260 1117 Einhardi
1305 1051 1721 1133 exscripserit,
1770 1073 1861 1116 an
1906 1051 2236 1118 annalista
2280 1051 2413 1117 iam
2460 1052 2667 1117 Vitam

444 1141 685 1207 Karoli
731 1140 966 1223 leqerit.
1057 1141 1349 1206 Annales
1408 1147 1556 1207 ante
1601 1140 1817 1205 Vitam
1864 1140 2225 1222 compositos
2285 1163 2415 1206 esse
2462 1162 2672 1207 omnes

442 1232 758 1313 quondam
798 1228 1279 1311 consentiebant,
1329 1236 1387 1294 et
1414 1229 1498 1293 Ε.
1532 1229 1989 1294 Du'nzelmann
2027 1229 2236 1295 docuit
2268 1229 2368 1295 ‘N
2364 1283 2375 1294 .
2410 1230 2674 1296 Archiv'

443 1321 548 1400 II,
606 1342 678 1402 p.
713 1324 840 1382 495
865 1338 1014 1400 sqq„
1085 1320 1383 1400 quomodo
1451 1318 1835 1383 Einhardus
1900 1318 1975 1383 in
2037 1315 2180 1385 Vita
2248 1321 2674 1402 componenda

442 1409 734 1473 Annales
780 1406 1157 1488 adhibuerit,
1205 1408 1371 1488 quod
1409 1407 1492 1471 E.
1525 1405 1892 1488 Bernbeim,
1941 1429 2081 1472 cum
2126 1410 2201 1473 de
2247 1408 2397 1473 Vita
2442 1414 2673 1491 aqeret,

352 1525 404 1562 10
441 1498 516 1562 in
564 1496 978 1562 ‘Historische
1023 1495 1334 1575 Aufsa'tze
1398 1499 1534 1561 dem
1579 1496 1938 1562 Andenken
1995 1518 2119 1561 von
2174 1496 2253 1562 G.
2301 1497 2518 1564 Waitz
2576 1520 2672 1581 ye-

441 1586 707 1651 widmet'
757 1582 1215 1666 (Hannoverae
1267 1586 1467 1668 1886)
1506 1606 1575 1666 p.
1612 1591 1894 1649 73—96.
1944 1586 2320 1651 luculentius
2365 1587 2667 1669 eoeposuit.

441 1676 534 1740 At
563 1676 682 1740 Fr.
718 1675 958 1755 Kurze,
993 1695 1131 1740 cum
1161 1673 1286 1738 sibi
1312 1695 1692 1755 persuasum
1722 1674 1974 1739 haberet
2004 1676 2297 1740 Annales
2328 1675 2670 1742 Einhardo

441 1764 725 1832 addictos
747 1766 992 1828 demwn
1002 1769 1150 1845 post
1169 1784 1231 1826 a.
1250 1769 1399 1828 829.
1425 1763 1734 1843 confectos
1756 1784 1904 1845 esse,
1918 1769 1989 1828 ut
2011 1765 2329 1830 contendit
2350 1764 2422 1830 in
2446 1765 2675 1830 libellis

446 1852 555 1918 ‘N.
603 1852 866 1918 Archiv’
918 1851 1125 1933 XIX,
1162 1872 1233 1933 p.
1269 1858 1649 1916 297—339.
1703 1852 1865 1934 XX,
1910 1860 2074 1917 11—
2094 1859 2197 1918 49.
2254 1853 2461 1935 XXI,
2502 1861 2673 1918 11—

353 1967 405 2006 15
445 1947 550 2005 82.
598 1948 657 2006 et
697 1940 773 2005 in
805 1940 1216 2022 praefatione
1245 1940 1605 2006 Annalium
1637 1941 1819 2023 reyni
1850 1941 2254 2007 Francorum
2287 1965 2359 2025 p.
2392 1943 2542 2007 VII
2557 1965 2668 2026 sq„

459 2030 672 2095 Vitam
715 2029 789 2095 in
833 2029 1202 2094 Annalibus
1246 2029 1623 2113 exscriptam
1669 2051 1799 2096 esse
1842 2037 1914 2094 ut
1957 2032 2362 2114 concluderet,
2425 2039 2673 2098 coactus

444 2127 552 2185 est.
679 2117 800 2184 Oui
873 2140 1010 2184 cum
1085 2119 1568 2184 contradixisset
1634 2120 1717 2183 Ε.
1773 2119 2123 2184 Bernbeim
2197 2120 2271 2186 in
2342 2120 2672 2187 ‘Deutscbe

448 2207 827 2287 Zeitschrift
895 2208 1013 2288 fu'r
1092 2205 1915 2289 Geschichtswissenscbaft'
1996 2210 2083 2274 N.
2145 2210 2228 2274 F.
2293 2210 2344 2272 I
2406 2207 2669 2293 (1897),

447 2296 972 2362 ‘Monatsbla‘tter'
1028 2319 1100 2379 p.
1165 2302 1283 2362 129
1329 2331 1404 2342 —
1439 2303 1582 2379 134,
1654 2304 1712 2361 et
1777 2297 1885 2362 ille
1951 2299 2378 2382 respondisset
2442 2299 2673 2364 ibidem

352 2413 407 2451 20
433 2410 506 2472 p.
558 2391 936 2465 257-261,
999 2386 1082 2450 Ε.
1129 2384 1481 2451 Bernbeim
1539 2407 1673 2450 rem
1732 2388 1933 2452 denuo
1993 2388 2291 2453 tractavit
2351 2388 2425 2453 in
2474 2387 2667 2453 ‘Hist.
2691 2441 2714 2465 χ

460 2473 1124 2555 Vierteljabrsschrift'
1166 2476 1217 2538 I
1255 2471 1501 2556 (1898),
1538 2497 1609 2557 p.
1650 2481 2015 2557 161—180,
2064 2476 2403 2542 Fridem'co
2451 2478 2673 2542 Kurze
2718 2465 2728 2473 ’

444 2563 800 2649 opinionem
831 2584 1012 2629 suam
1040 2562 1270 2629 iterum
1300 2563 1669 2644 defendente
1702 2563 1801 2630 ‘N
1796 2614 1810 2628 .
1844 2565 2107 2631 Archiv'
2138 2565 2285 2631 XX
2300 2567 2415 2649 VI,
2442 2590 2513 2650 p.
2547 2573 2669 2632 153
2786 2583 2791 2594 “

442 2690 528 2701 -
551 2660 697 2725 164.
790 2652 1082 2735 Denique
1149 2674 1289 2718 eam
1355 2652 1590 2733 refellit
1656 2675 1731 2719 ac
1789 2654 2154 2737 reprobavit
2198 2655 2289 2719 H.
2337 2654 2539 2721 Bloch
2600 2656 2673 2721 in

453 2742 731 2824 Go'ttiny.
776 2742 1046 2824 yelehrte
1090 2740 1418 2823 Anzeiyen
1470 2748 1660 2824 1901,
1706 2765 1775 2823 p.
1825 2749 1951 2806 872
1970 2778 2055 2787 -
2074 2748 2222 2825 897,
2272 2746 2495 2810 docens
2539 2746 2672 2810 An-

353 2858 407 2897 25
443 2832 624 2898 nales
667 2831 810 2895 illos
855 2836 1003 2895 ante
1047 2850 1288 2894 annum
1335 2836 1484 2895 817.
1534 2831 1859 2915 confectos,
1900 2832 2112 2897 Vitam
2159 2834 2400 2899 Karoli
2430 2834 2673 2917 Mayni

434 2926 586 3005 post
640 2919 808 2983 hunc
863 2940 1104 2983 annum
1173 2919 1576 3003 compositam
1644 2942 1773 2985 esse
1841 2921 2061 2987 collato
2128 2923 2259 2988 loco
2311 2924 2672 2989 Annalium
2774 2921 2799 2933 “
2925 2950 2935 2957 ·

444 3008 556 3092 qui
614 3007 911 3073 dicuntur
954 3006 1289 3073 Einhardi
1347 3011 1422 3074 de
1468 3009 1803 3075 Abodritis
1854 3032 1991 3076 cum
2060 3033 2196 3094 cap.
2260 3019 2360 3077 12.
2424 3012 2607 3077 Vitae
2629 3014 2669 3093 2,

445 3096 822 3163 assentiente
867 3095 1014 3161 huic
1057 3096 1248 3163 etiam
1291 3098 1564 3163 Ernesto
1594 3099 1932 3165 Du‘mmler
1973 3099 2048 3165 in
2094 3100 2363 3167 editione
2408 3102 2673 3184 septima

444 3186 598 3253 libri
656 3207 698 3250 a
756 3184 1089 3252 Wilhelmo
1147 3186 1560 3253 Wattenbach
1618 3187 1968 3271 compositi,
2020 3189 2505 3257 ‘Deutschlands
2560 3191 2674 3257 Ge·

355 3302 408 3343 ao
445 3273 975 3357 sebichtsquellen'
1010 3276 1070 3358 I,
1105 3297 1178 3357 p.
1214 3282 1361 3341 219.

668 3383 841 3465 Quae
909 3404 1046 3448 cum
1112 3382 1210 3448 ita
1276 3382 1421 3464 sint,
1491 3383 1823 3465 aliquoties
1889 3385 2051 3452 locos
2109 3387 2469 3453 Annalium
2537 3409 2675 3453 cum

462 3474 608 3540 Vita
676 3470 882 3537 verbis
950 3472 1380 3538 convenientes
1447 3494 1637 3555 quam
1706 3474 2065 3541 brevissime
2132 3476 2465 3559 adscripsi,
2537 3499 2673 3542 cum

445 3565 740 3629 lectorum
785 3582 963 3626 nemo
1009 3560 1256 3644 iynoret
1297 3563 1488 3627 multo
1523 3562 1725 3645 plura
1770 3564 2131 3629 Annalium
2176 3565 2303 3648 ipsi
2350 3588 2488 3631 cum
2527 3566 2675 3631 Vita

445 3651 831 3732 conferenda
875 3672 1021 3732 esse,
1057 3672 1306 3733 paucas
1351 3651 1520 3716 alias
1565 3653 2005 3719 adnotationes
2034 3654 2257 3736 adieci,
2306 3654 2474 3720 inter
2518 3676 2678 3737 quas

356 3769 407 3809 ³⁶
443 3743 754 3826 quaedam
821 3741 1011 3806 verba
1082 3740 1388 3821 Suetonii,
1458 3762 1621 3823 quae
1687 3742 2099 3807 Einhardum
2165 3744 2481 3809 imitatum
2548 3765 2677 3808 esse

445 3833 548 3897 M.
611 3830 941 3897 Manitius
1011 3828 1119 3894 ‘N.
1181 3829 1444 3895 Archiv'
1508 3831 1668 3911 VII,
1729 3853 1799 3913 p.
1859 3837 2247 3897 530—533.
2312 3833 2483 3898 inter
2541 3832 2677 3897 alia

444 3928 604 4009 recte
648 3926 972 4001 statuerat,
1021 3917 1173 3984 locis
1217 3942 1260 3983 a
1315 3919 1587 4002 Georyio
1626 3920 1718 3985 H.
1753 3921 1945 3986 Pertz
1987 3921 2120 3987 iam
2167 3922 2385 3987 allatis
2430 3920 2672 3987 addidi.

447 4158 500 4222 1)
553 4153 654 4205 Ubi
682 4171 738 4221 p.
778 4155 882 4207 613
907 4168 983 4219 sq.
1021 4152 1083 4202 de
1120 4152 1326 4203 ecclesia
1358 4151 1813 4207 'Mulinheimensil
1959 4152 2014 4222 2)
2070 4153 2202 4205 Cum
2252 4154 2391 4203 enim
2439 4152 2676 4204 Annales

443 4228 518 4279 ad
577 4242 628 4279 a.
681 4227 802 4280 798.
865 4224 1120 4289 habeant,
1178 4222 1274 4277 SS.
1324 4222 1393 4277 R.
1449 4223 1511 4277 G.
1562 4241 1619 4291 p.
1677 4227 1809 4280 105:
1864 4222 2008 4276 Nam
2065 4222 2328 4277 Abodriti
2388 4223 2675 4275 auxiliares

354 4315 410 4355 4ο
445 4296 784 4350 Francorum
839 4310 1118 4362 semper
1173 4293 1426 4361 fuerunt,
1481 4310 1551 4347 ex
1605 4311 1714 4362 quo
1769 4294 1935 4347 semel
1991 4295 2059 4348 ab
2116 4294 2192 4347 eis
2245 4294 2304 4346 in
2358 4295 2675 4348 societatem

445 4368 654 4437 recepti
704 4367 846 4433 sunt,
898 4366 1226 4417 Einhardus
1274 4381 1314 4419 c.
1355 4369 1438 4422 12.
1489 4369 1707 4435 scripsit
1756 4366 2076 4435 Abodritos,
2132 4363 2225 4435 qui
2276 4383 2400 4420 eum
2450 4365 2677 4419 Francis

447 4440 617 4495 olim
656 4436 924 4493 foederati
961 4441 1132 4506 erant,
1175 4453 1292 4490 cum
1328 4440 1430 4492 illa
1464 4454 1595 4506 qens
1634 4455 1684 4495 a.
1722 4442 1843 4496 817.
1882 4440 2196 4494 rebellasset.

2568 275 2605 326 ,θ’

2554 327 2591 362 ἐς·
2622 323 2644 364 >
2678 373 2686 381 .
2716 329 2827 390 ‘¹01¹
2886 343 2913 374 ,¹
