3221 5163
551 571 758 630 XVIII
1123 569 1510 628 EINHARDI
1549 571 1742 628 VITA
1778 571 2077 630 KAROLI
2112 573 2193 632 M.

557 763 730 822 caret
745 755 788 819 1.
893 753 1350 838 Apoqraphum
1409 755 1657 822 Perteii
1716 777 1915 822 manu
1980 757 2221 837 factum
2286 757 2454 823 inter
2518 758 2779 824 schedas

554 851 811 911 nostras
855 851 1169 910 servatum
1213 851 1456 910 secutus
1499 866 1657 910 sum.

763 934 931 1016 A2)
992 933 1436 999 Vaticanus
1479 933 1649 999 inter
1694 934 1933 1000 codices
1974 934 2235 1018 reqinae
2292 934 2777 1002 Christinae

553 1043 655 1088 nr.
705 1029 853 1105 339,
923 1043 1083 1088 saec.
1136 1022 1223 1103 X,
1295 1021 1442 1087 olim
1511 1023 1969 1105 Sanqallensis,
2040 1047 2083 1090 a
2149 1023 2404 1090 Pertzio
2472 1022 2608 1105 (nr.
2662 1027 2773 1110 18)

554 1112 806 1192 frustra
872 1111 1222 1194 quaesitus,
1299 1133 1438 1176 cum
1511 1133 1813 1177 numerus
1877 1112 1985 1178 ille
2051 1113 2221 1193 falso
2287 1113 2377 1178 ad
2440 1113 2779 1179 Palatinos
2813 1138 2840 1178 ο

553 1201 790 1266 relatus
857 1206 1027 1282 esset,
1096 1206 1258 1266 recte
1323 1221 1466 1266 vero
1534 1223 1576 1266 a
1639 1201 2007 1266 Betbmann
2070 1201 2394 1267 indicatus
2460 1201 2775 1283 (‘Arcbiv'

559 1289 732 1370 XII,
772 1311 844 1374 p.
878 1291 1060 1374 275),
1108 1310 1279 1355 nunc
1323 1310 1398 1353 ea
1441 1310 1568 1371 qua
1614 1290 1855 1355 excellit
1896 1289 2230 1372 diliqentia
2254 1313 2317 1369 ¹a
2363 1291 2435 1356 V.
2479 1290 2573 1357 Ol.
2607 1291 2780 1356 Mau

555 1378 837 1444 collatus.
926 1377 1038 1442 Ex
1103 1378 1214 1443 hoc
1270 1380 1550 1460 pendent
1617 1379 1790 1445 codd.
1836 1379 2052 1461 A2a)
2115 1379 2778 1462 Luqdunensis

557 1467 702 1532 Lat.
733 1487 836 1532 nr.
861 1472 948 1530 20
963 1469 1006 1548 ²,
1047 1487 1206 1532 saec.
1235 1466 1413 1548 XII,
1448 1466 1550 1548 (ecc
1578 1487 1699 1548 quo
1730 1467 1810 1533 G.
1843 1466 2059 1534 Waitz
2089 1469 2144 1533 b.
2168 1489 2250 1532 m.
2273 1475 2419 1550 post
2447 1468 2779 1534 editionem

554 1562 850 1638 quartam
900 1555 1091 1621 huius
1148 1555 1299 1621 libri
1341 1555 1415 1621 in
1447 1556 1775 1637 publicum
1818 1556 2113 1622 emissam
2156 1557 2624 1638 aliquantulam
2668 1559 2777 1623 lec-
2815 1582 2868 1620 10

555 1644 785 1710 tionem
828 1644 1082 1710 variam
1125 1643 1462 1729 eoescripsit
1477 1645 1519 1727 ³,
1590 1665 1781 1727 quam
1836 1644 2257 1730 paucissimis
2314 1645 2482 1726 locis,
2552 1646 2779 1727 quibus

555 1734 678 1799 alii
722 1732 959 1800 codices
1002 1734 1264 1798 eandem
1321 1734 1415 1798 vel
1481 1733 1751 1799 similem
1817 1734 2136 1800 lectionem
2191 1735 2598 1816 praebebant,
2670 1736 2777 1800 ad-

555 1822 825 1905 notavi),
882 1821 1770 1905 Gantabriqiensis,
1829 1821 1981 1888 Ooll.
2026 1821 2165 1889 Oai.
2213 1842 2315 1888 nr.
2355 1828 2543 1905 1071,
2591 1821 2777 1889 Vin-

557 1910 1126 1976 dobonensis
1205 1931 1304 1976 nr.
1362 1917 1483 1975 182
1567 1909 1997 1992 (Hohendorf
2072 1911 2183 1991 fol.
2238 1910 2344 1996 16)
2424 1910 2661 1996 aliique
2735 1935 2778 1977 a

558 1999 811 2066 Pertzio
857 1999 1140 2065 numeris
1189 2005 1269 2064 10
1316 2006 1375 2065 et
1423 2005 1499 2063 11
1547 1998 1838 2066 indicati.
2814 2024 2867 2064 ιε

768 2089 833 2153 Α
867 2087 940 2170 3)
1009 2087 1842 2173 (Petropolitanus
1915 2089 2142 2154 FIV.
2192 2095 2249 2170 4,
2326 2111 2484 2155 saec.
2524 2089 2626 2178 gs.
2704 2089 2779 2154 in

555 2177 937 2244 monasterio
997 2178 1066 2243 S.
1114 2177 1425 2243 Medardi
1471 2177 1912 2243 Suessionensi
1962 2177 2235 2261 scriptus
2250 2179 2293 2260 4,
2356 2179 2431 2243 de
2462 2173 2780 2260 'q‘uo‘”vide

1174 2251 1191 2256 -
1206 2248 1354 2259 ..ῳ-Ἢ

561 2266 669 2332 ‘N.
715 2266 979 2332 Archiv'
1025 2267 1097 2347 V,
1147 2288 1218 2348 p.
1254 2253 2097 2348 22CTWAnn.
2147 2267 2329 2349 reyni
2374 2267 2779 2332 Francorum

559 2358 650 2422 ed.
699 2357 820 2420 Fr.
869 2356 1092 2420 Kurce
1143 2377 1214 2437 p.
1253 2355 1325 2420 X
1345 2376 1434 2438 sq.
1493 2355 1571 2421 G.
1621 2355 1853 2438 Waitz,
1925 2376 2064 2421 cum
2108 2354 2440 2421 editionem
2484 2362 2779 2438 quartam

553 2450 842 2528 pararet,
909 2465 1094 2526 aeqre
1151 2444 1311 2526 tulit,
1380 2446 1547 2527 quod
1601 2445 1793 2510 liuius
1851 2444 2003 2510 libri
2069 2465 2199 2510 non
2266 2465 2507 2527 compos
2573 2445 2781 2525 factus
2817 2470 2870 2508 80

561 2540 732 2615 esset,
780 2532 960 2600 cuius
989 2532 1241 2599 variam
1273 2533 1591 2600 lectionem
1623 2534 1675 2599 I
1670 2581 1684 2597 .
1718 2533 1803 2598 R.
1836 2532 2181 2615 Dieterich,
2230 2536 2548 2616 quondam
2576 2533 2783 2601 socius

559 2630 788 2705 noster,
836 2629 982 2689 ante
1027 2622 1268 2705 aliquot
1310 2644 1532 2705 annos,
1595 2644 1735 2689 cum
1778 2623 1882 2689 bic
1926 2625 2116 2689 codex
2155 2622 2532 2689 Berolinum
2578 2630 2781 2689 trans·

557 2712 790 2778 missus
833 2718 1004 2795 esset,
1059 2711 1410 2794 exscripsit.
1501 2712 1759 2793 Affinis
1801 2711 1992 2777 huius
2036 2712 2205 2793 libri,
2266 2714 2377 2777 sed
2418 2734 2548 2778 non
2592 2734 2669 2777 επ
2712 2734 2781 2777 eo

547 2801 874 2883 profectus
916 2822 1046 2866 esse
1103 2800 1348 2866 videtur
1390 2822 1653 2884 sequens
1710 2802 1915 2882 codex,
1982 2824 2025 2867 a
2080 2800 2350 2884 Georqio
2392 2800 2608 2867 Waitz
2650 2802 2717 2867 A
2740 2809 2778 2865 3

558 2889 866 2972 siqnatus,
937 2890 1117 2955 cuius
1174 2888 1424 2954 variam
1483 2889 1803 2956 lectionem
1859 2889 1933 2955 in
2000 2896 2232 2972 quarta
2276 2889 2546 2956 editione
2590 2891 2780 2955 adno-
2816 2913 2869 2953 25

561 2984 760 3044 tatam
802 2978 1059 3059 retinui,
1105 2977 1241 3044 iam
1285 2999 1456 3044 nunc
1501 2978 1823 3061 siqnatus)
1840 3001 1861 3043 .·

768 3066 981 3149 A3a)
1041 3066 1570 3133 Parisiensis
1626 3089 1729 3132 nr.
1778 3073 1944 3132 5927
2011 3065 2121 3148 (P.
2170 3088 2274 3134 nr.
2307 3066 2400 3151 3),
2448 3089 2609 3135 saec.
2646 3068 2778 3151 XI,

555 3155 668 3222 ubi
712 3156 862 3223 Vita
893 3156 1206 3222 Ademari
1241 3156 1535 3223 chronico
1572 3156 1847 3222 subiecta
1892 3162 1981 3222 est
2027 3155 2133 3237 (cf.
2170 3157 2288 3222 SS.
2327 3157 2455 3239 IV,
2491 3179 2564 3239 p.
2604 3157 2777 3239 111),

558 3246 670 3328 qui
712 3245 846 3310 iam
887 3245 964 3311 in
1008 3267 1059 3311 c.
1098 3252 1195 3310 17.
1244 3267 1386 3311 voce
1431 3246 1718 3312 basilica.
1763 3244 2011 3327 deficit,·
2055 3247 2167 3311 sed
2200 3247 2633 3327 apoqrapbwm
2666 3246 2779 3311 ibi-

559 3337 699 3400 dem
743 3355 847 3400 nr.
882 3340 1074 3400 5926.
1123 3340 1372 3400 exstare
1414 3334 1680 3400 videtur.
1765 3334 1972 3399 Aliud
2011 3333 2087 3399 in
2131 3335 2262 3399 cod.
2310 3334 2779 3417 Petropolitano
2816 3356 2869 3396 ιο

561 3494 614 3557 1)
656 3491 880 3545 Minime
913 3506 1033 3545 vcro
1066 3492 1176 3545 cod.
1201 3490 1530 3545 Parisiensis
1553 3494 1712 3558 5925,
1740 3508 1890 3559 quem
1913 3492 2071 3544 Pertz
2093 3488 2167 3548 21)
2194 3492 2483 3558 inscripsit.
2617 3489 2670 3560 2)
2696 3491 2780 3544 Eo

557 3565 886 3629 conspicuus,
923 3563 1064 3630 quod
1104 3562 1446 3629 praefationi
1481 3562 1565 3615 hic
1606 3564 1978 3629 praemittitur
2025 3564 2218 3615 titulus
2267 3566 2353 3628 (in
2406 3563 2543 3615 libro
2580 3562 2779 3615 Canta-

558 3634 818 3699 briqiensi
854 3640 1090 3701 sequente
1123 3636 1426 3701 repetitum.-
1469 3632 1676 3702 Incipit
1710 3633 1969 3702 prologus
2006 3632 2253 3704 (Alcuini
2288 3636 2428 3686 inter
2461 3634 2632 3686 lineas
2660 3638 2780 3701 post

560 3704 822 3774 additum)
875 3704 934 3757 in
969 3704 1140 3758 vitam
1179 3702 1360 3757 Oaroli
1395 3702 1588 3773 Magni
1636 3704 1781 3775 regis
1814 3702 2152 3757 Francorum
2190 3708 2246 3759 et
2288 3702 2632 3773 imperatoris
2667 3702 2778 3757 Ro-

559 3792 861 3831 manorum.
1005 3777 1061 3843 3)
1116 3775 1235 3840 (Ex
1284 3792 1394 3843 qua
1441 3776 1703 3829 dubitatio
1746 3777 2005 3843 exoritur,
2058 3792 2189 3828 num
2237 3792 2353 3829 vere
2402 3775 2486 3827 hic
2534 3774 2667 3828 liber
2713 3792 2781 3829 ex
2816 3790 2869 3833 85

558 3848 723 3900 codice
762 3848 1040 3914 praedicto
1088 3847 1139 3898 A
1161 3849 1194 3901 2
1234 3848 1510 3914 profectus
1555 3850 1671 3915 sit).
1849 3846 1905 3914 4)
1951 3846 2112 3899 Libri
2156 3847 2345 3899 tituhcs
2391 3852 2498 3899 est:
2544 3844 2677 3899 Vita
2725 3850 2782 3899 et

561 3918 896 3971 conversatio
947 3916 1320 3987 gloriosissimi
1368 3917 1711 3987 imperatoris
1746 3915 1944 3971 Karoli
1994 3920 2156 3986 atque
2191 3915 2528 3970 invictissimi
2564 3917 2780 3987 augusti

558 3988 751 4058 incipit
802 3987 949 4043 edita
997 3989 1067 4042 ab
1113 3987 1395 4071 Eginardo
1449 3988 1534 4041 sui
1585 3989 1847 4057 temporis
1900 3989 2145 4058 impense
2198 3987 2511 4041 doctissimo
2566 4005 2780 4042 necnon

558 4059 867 4114 liberalium
892 4059 1358 4129 experientissimo
1383 4059 1584 4113 artium
1607 4060 1743 4128 viro,
1782 4060 2011 4113 educato
2040 4077 2072 4112 a
2107 4059 2319 4128 prefato
2356 4058 2618 4128 principe,
2654 4076 2779 4128 pro-

557 4134 821 4201 pagatore
858 4135 913 4185 et
949 4130 1233 4184 defensore
1267 4129 1370 4184 reli
1413 4130 1547 4184 'onis
1585 4129 1939 4201 Christianae,
1983 4147 2145 4198 quam
2182 4128 2412 4183 feliciter
2446 4131 2779 4201 perlegendo
2815 4148 2869 4187 40

562 4207 840 4257 currentes
893 4201 1172 4255 laetamini
1227 4202 1285 4255 in
1421 4202 1568 4258 risto,
1660 4204 1807 4255 Idem
1821 4242 1837 4270 ,
1893 4204 2085 4271 paucis
2143 4204 2352 4255 omissis
2412 4203 2491 4255 vel
2540 4206 2777 4270 mutatis,

561 4275 756 4341 leqitur
791 4278 850 4327 in
884 4274 1284 4326 Parisiensibus
1317 4290 1404 4329 nr.
1443 4274 1584 4329 5354
1619 4275 1689 4341 (3
1701 4275 1777 4341 0),
1826 4289 1958 4328 saec.
1994 4273 2099 4341 XI,
2148 4289 2236 4330 nr.
2274 4274 2414 4329 5925
2450 4271 2609 4343 (21)),
2643 4290 2777 4330 saec.

560 4345 719 4412 XIV,
773 4350 818 4398 et
853 4362 940 4399 nr.
978 4346 1132 4407 6264,
1187 4359 1322 4399 saec.
1348 4344 1480 4411 XV,
1533 4361 1683 4413 quem
1719 4345 1877 4397 Pertz
1912 4345 2079 4397 classi
2114 4346 2163 4397 B
2196 4341 2337 4412 (21))
2374 4345 2648 4413 adscribit,
2692 4346 2781 4398 sed

560 4433 628 4470 cx
676 4417 846 4469 altero
894 4418 1086 4468 classis
1121 4416 1172 4467 A
1194 4420 1221 4472 1
1265 4417 1643 4482 interpolatum
1687 4421 1846 4483 putat
1858 4432 1879 4477 ,·
1927 4418 1986 4467 in
2024 4415 2279 4469 Vaticano
2314 4416 2513 4471 Christ.
2548 4432 2637 4473 nr.
2674 4418 2778 4472 692

560 4484 715 4556 (31)),
738 4504 872 4543 saec.
897 4487 1034 4550 XII,
1063 4492 1110 4540 et
1137 4487 1333 4541 Chm‘st.
1371 4503 1458 4541 nr.
1487 4490 1590 4543 637
1617 4488 1720 4555 (2),
1758 4488 1931 4541 chart.
1954 4502 2085 4541 saec.
2110 4486 2303 4554 XVII,
2326 4490 2420 4555 qui
2435 4491 2686 4555 proxime
2707 4489 2780 4540 ad
2815 4500 2869 4541 45

561 4559 613 4613 A
634 4561 663 4617 1
702 4560 910 4614 accedit.
983 4558 1065 4611 Hi
1099 4574 1275 4611 omnes
1307 4560 1480 4627 iqitur
1513 4558 1739 4611 audem
1774 4560 2004 4631 oriqim's
2037 4566 2180 4619 sunt.

2998 949 3155 974 κ-κ

3172 1141 3213 1264 4
