3221 5163
531 508 566 559 2
1111 501 1501 556 EINHARDI
1539 501 1735 555 VITA
1771 501 2071 556 KAROLI
2108 502 2186 558 M.

533 706 756 762 causa,
827 706 1002 768 quae
1063 684 1172 749 vel
1233 685 1379 749 sola
1440 685 1757 749 sufficere
1792 688 2100 790 posset„
2138 689 2219 748 ut
2277 707 2385 750 me
2447 688 2535 751 ad
2594 689 2762 751 haec

533 774 894 838 scribenda
963 773 1453 868 coppellereta,
1533 761 2037 838 nutrimentum
2106 773 2430 839 videlicet
2504 777 2577 838 in
2654 798 2763 840 me

532 864 917 946 impensum
967 866 1038 926 et
1085 866 1438 946 perpetua,
1488 867 1854 946 postquam
1899 864 1973 924 in
2006 863 2166 926 aula
2198 865 2344 928 eius
2378 866 2763 928 conversari

533 953 744 1035 coepi,
795 973 950 1017 cum
997 952 1145 1034 ipso
1193 973 1272 1014 ac
1319 951 1552 1015 liberis
1602 952 1749 1015 eius
1796 952 2133 1031 amicitia3
2183 973 2319 1034 qua
2358 974 2467 1017 me
2497 953 2600 1016 ita
2631 954 2763 1017 sibi

532 1041 839 1105 devinxit
886 1040 1404 1123 debitoremque
1449 1044 1592 1103 tam
1641 1041 1796 1103 vivo
1833 1061 2039 1123 quam
2071 1045 2343 1104 mortuo
2377 1043 2758 1120 constituit,
2798 1067 2823 1104 5

528 1132 610 1191 ut
678 1130 923 1193 merito
992 1129 1305 1211 ingratus
1364 1129 1583 1192 videri
1652 1132 1723 1192 et
1779 1129 2073 1192 iudicari
2132 1151 2432 1213 possem,
2500 1132 2590 1206 si,
2653 1134 2761 1194 tot

531 1219 1016 1282 beneficiorum
1061 1219 1135 1280 in
1183 1239 1291 1281 me
1343 1217 1775 1282 conlatorum
1834 1218 2189 1293 inmemor,
2254 1218 2631 1283 clarissima
2692 1224 2761 1284 et

528 1300 1032 1370 illustrissimab
1073 1307 1370 1370 hominis
1417 1307 1676 1389 optime
1725 1306 1810 1370 de
1856 1328 1963 1370 me
1997 1308 2226 1371 meriti
2257 1312 2454 1390 gesta
2485 1309 2759 1372 silentio

530 1396 968 1479 praeterirem
1019 1398 1426 1479 patererque
1473 1395 1688 1458 vitam
1736 1396 1901 1468 eiuS,
1965 1397 2161 1478 quasi
2207 1397 2325 1478 qui
2385 1419 2757 1480 numquam

528 1485 792 1559 vixerit,
843 1485 988 1548 sine
1034 1484 1287 1548 litteris
1333 1505 1414 1548 ac
1461 1485 1698 1547 debita
1750 1484 1955 1547 laude
2016 1489 2367 1562 manere0;
2433 1487 2544 1549 cui
2604 1488 2759 1550 scri·
2800 1510 2849 1546 ιο

529 1574 796 1638 bendae
844 1575 1050 1656 atque
1098 1573 1545 1656 explicandae
1593 1594 1731 1636 non
1778 1594 2006 1637 meum
2065 1574 2511 1656 ingeniolum,
2576 1578 2757 1657 quod

499 1662 704 1754 ‘egle
765 1665 835 1726 et
899 1683 1218 1746 parvum,
1279 1662 1489 1725 immo
1555 1657 1816 1744 poened
1877 1662 2148 1725 nullum
2215 1666 2349 1738 est,
2423 1664 2543 1726 sed
2602 1665 2758 1726 Tul-

526 1749 783 1814 lianam
839 1773 962 1834 par
1022 1754 1170 1814 erat
1230 1750 1564 1815 desudare
1624 1751 2042 1813 facundiam.
2150 1751 2257 1814 En.
2313 1751 2446 1815 tibi
2504 1753 2755 1815 librum

525 1839 1053 1923 praeclarissimi
1113 1842 1184 1904 et
1254 1833 1530 1902 maximi
1587 1839 1718 1902 viri
1786 1841 2182 1904 memoriam
2252 1841 2753 1918 continentem;

525 1930 599 1991 in
633 1921 779 2012 'quo
827 1931 1101 2012 praeter
1144 1928 1334 1991 illius
1380 1929 1570 1991 facta
1616 1949 1755 1990 non
1803 1931 1908 1992 est
1954 1929 2137 2010 quod
2186 1929 2559 2007 admireris,
2622 1931 2757 1996 nisi
2798 1952 2845 1988 ¹5

525 2019 727 2095 forte,
790 2018 1248 2100 quod'homo
1319 2017 1651 2080 barbarus
1673 2017 1705 2094 1,
1755 2021 1825 2080 et
1893 2017 1966 2078 in
2026 2018 2339 2081 Romana
2406 2019 2755 2084 locutione

525 2127 889 2189 perparum
937 2106 1350 2170 exercitatus
1398 2106 1660 2189 aliquid
1709 2126 1816 2169 me
1864 2107 2187 2169 decenter
2233 2114 2355 2170 aut
2403 2110 2755 2172 commode

525 2195 772 2258 Latine
842 2195 1138 2259 scribere
1199 2215 1396 2278 posse
1465 2195 1850 2279 putaverim
1912 2199 2119 2277 atque
2176 2196 2248 2257 in
2308 2199 2579 2259 tantam
2637 2199 2755 2259 im-

525 2285 930 2367 pudentiam
977 2285 1425 2367 proruperim,
1476 2287 1556 2346 ut
1601 2284 1779 2346 illud
1829 2283 2177 2380 QssQis
2223 2288 2541 2368 putarem
2604 2307 2754 2372 con:

524 2374 1042 2456 tempnendum,
1091 2373 1272 2454 quod
1321 2373 1393 2435 in
1442 2374 1663 2456 primo
1711 2373 2256 2436 Tusculanarum
2303 2374 2479 2438 libro
2500 2375 2540 2451 ²,
2599 2369 2762 2438 cum'
2792 2396 2843 2433 20
2913 2370 2922 2381 ‘

526 2461 610 2525 de
671 2462 937 2524 Latinis
1007 2461 1454 2544 scriptoribus
1514 2462 1929 2544 loqueretur,
1992 2463 2093 2525 ita
2153 2463 2401 2528 dixisse
2465 2463 2749 2546 legitur:

525 2549 858 2615 Mandare
917 2569 1303 2632 quemquam,
1364 2550 1610 2635 inquit,
1672 2549 1900 2615 litteris
1956 2549 2359 2631 eoyitationes
2414 2572 2583 2633 suas,
2645 2551 2756 2633 Qui

523 2661 631 2703 eas
697 2659 811 2703 nee
878 2640 1207 2721 disponere
1274 2661 1388 2705 nee
1461 2640 1789 2723 illustrare
1853 2640 2087 2721 possit,
2166 2662 2279 2705 nec
2354 2641 2755 2705 delectation-e

523 2727 743 2809 aliqua
788 2726 1056 2797 allicere.
1088 2729 1389 2810 lectorem,
1450 2728 1729 2793 hominis
1773 2735 1865 2793 est
1906 2728 2397 2810 intemperanter
2440 2729 2753 2794 abutentis

523 2824 580 2881 et
625 2817 748 2880 otio
793 2824 854 2881 et
895 2816 1141 2881 litteris.
1237 2819 1519 2883 Poterat
1572 2819 1850 2902 quidem
1914 2820 2083 2883 haec
2143 2820 2432 2883 oratoris
2493 2820 2752 2902 egregii
2788 2838 2839 2877 25

523 2908 868 2971 sententia
936 2928 1044 2970 me
1108 2929 1149 2970 a
1209 2908 1570 2971 scribendo
1634 2910 2010 2984 deterrere,
2082 2908 2215 2971 nisi
2276 2908 2505 2971 animo
2565 2929 2752 2991 prae-

523 2996 934 3059 meditatum
982 2997 1306 3060 haberem
1354 2997 1711 3059 hominum
1757 2997 2015 3059 iudicia
2063 2998 2294 3080 potius
2342 2998 2634 3081 experiri
2682 3001 2752 3061 et
2809 3038 2832 3070 Α
2882 3043 2889 3052 ,

522 3086 731 3148 haece
789 3085 1149 3148 scribendo
1209 3085 1544 3167 ingenioli
1594 3086 1729 3149 mei
1792 3085 2173 3167 periculum
2236 3086 2517 3164 faceres
2546 3106 2749 3169 quam

520 3175 704 3236 tanti
749 3174 880 3236 viri
927 3174 1325 3237 memoriam
1371 3167 1584 3236 mihif
1630 3174 1973 3257 parcendo
2023 3175 2415 3257 praeterire.

941 3351 1208 3414 VITAg
1261 3350 1619 3415 KAROLI
1677 3350 2327 3415 IMPERA'roffls.
2788 3371 2837 3407 30
2933 3433 2950 3441 ,-

737 3453 828 3518 1.*
895 3456 1120 3521 Gens3
1152 3451 1735 3541 Meroingommh,
1787 3459 1871 3521 de
1917 3478 2054 3540 qua
2086 3457 2333 3543 Franci
2359 3450 2571 3539 ”reges
2618 3456 2748 3537 sibi
2827 3470 2846 3479 ²

522 3566 750 3609 creare
797 3546 986 3609 soliti
1018 3551 1234 3622 erant,
1270 3568 1483 3629 usque
1529 3547 1604 3610 in
1636 3539 2066 3610 Hildricumi
2110 3540 2361 3629 reg'em,
2412 3547 2528 3628 qui
2558 3546 2747 3607 iussu

742 3736 795 3807 *)
834 3738 1026 3788 Rubra
1047 3738 1376 3802 Walafridi:
1399 3736 1482 3789 De
1501 3736 1806 3805 Meroingis
1832 3737 1958 3804 [cod.
1980 3737 2167 3790 Hann.
2188 3752 2480 3801 super-sevus
2506 3732 2745 3801 crinitis]‚

836 3806 930 3874 qui
967 3808 1141 3860 multo
1167 3812 1416 3876 tempore
1442 3808 1669 3861 Francis
1693 3823 1835 3859 vano
1861 3824 2053 3875 regum
2078 3807 2300 3859 nomine
2326 3807 2743 3873 imperaverunt.

432 4010 474 4045 f
515 3987 559 4037 a)
592 3988 654 4024 ita
681 3988 935 4036 plerumque
964 3987 1128 4025 codices
1155 3988 1418 4036 vetustiores,
1447 3997 1579 4036 quaro
1604 3986 1716 4024 hanc
1742 3986 1893 4035 ubique
1920 3985 2116 4033 praetuli
2145 3985 2348 4032 formam.
2485 3984 2533 4034 b)
2566 3983 2744 4022 inlustr.
2784 3982 2834 4023 35

516 4040 594 4078 A2
623 4040 666 4079 h.
689 4041 718 4078 l.
750 4041 785 4079 G
796 4042 835 4089 1,
865 4044 904 4079 et
929 4041 992 4078 ita
1020 4051 1351 4089 nonnumquam.
1454 4041 1494 4091 c)
1523 4050 1757 4079 remanere
1786 4040 1878 4079 A2.
1911 4041 1975 4078 2².
2004 4039 2046 4077 ὁ.
2077 4038 2191 4078 01*.
2293 4038 2337 4089 d)
2357 4038 2422 4075 ita
2440 4037 2629 4075 hocloco
2649 4037 2744 4085 A2,

515 4093 622 4131 alibi
639 4094 894 4143 plerumque
920 4094 1043 4132 codd.
1074 4098 1183 4141 vet.,·
1210 4105 1293 4132 om.
1322 4094 1443 4133 213⁸.
1499 4114 1502 4117 ·
1547 4094 1591 4145 e)
1618 4104 1703 4131 om.
1728 4092 1823 4131 Aa.
1845 4092 1910 4131 3⁸.
2012 4091 2047 4141 t)
2066 4102 2149 4132 om.
2172 4090 2266 4134 Ab.
2364 4092 2406 4141 g)
2435 4092 2498 4127 ita
2524 4090 2619 4128 Al.
2651 4092 2689 4127 2.
2720 4091 2746 4129 5

516 4146 606 4196 (ubi
632 4147 915 4195 imperatoris
941 4147 1094 4197 deest„
1135 4146 1337 4195 Explicit
1362 4147 1597 4195 praefatio.
1652 4146 1819 4194 Incipit
1854 4146 1969 4185 liber
2008 4146 2097 4186 01.
2258 4143 2305 4191 h)
2344 4146 2405 4181 ita
2440 4144 2482 4182 B
2501 4145 2537 4185 1.
2566 4144 2606 4183 3.
2646 4143 2742 4193 013

515 4200 818 4247 Men-iugorum
855 4201 955 4239 ΑΒ.
998 4201 1097 4250 02;
1143 4200 1475 4247 Mervingorum
1512 4201 1620 4249 Δ1ς
1664 4200 2027 4246 Merohingorum
2062 4199 2102 4236 A
2123 4198 2171 4248 ὃς
2216 4198 2611 4245 Morahinguorum
2648 4198 2682 4235 Ο
2703 4198 2742 4235 3.

514 4253 546 4304 i)
575 4254 638 4291 ica
664 4254 759 4293 ΑΙ.
791 4255 829 4293 2.
859 4254 954 4295 Β3.
987 4254 1082 4305 023
1113 4252 1389 4293 Childricum
1416 4254 1519 4303 1313
1549 4250 1831 4291 Hildrichum
1859 4253 1953 4302 C13
1983 4252 2259 4291 liudericum
2286 4252 2406 4291 212⁸.
2436 4254 2477 4290 3.
2782 4251 2836 4287 40

516 4413 568 4479 1)
613 4414 650 4467 i.
687 4429 726 4467 e.
769 4414 1084 4468 Germanus.
1251 4412 1307 4483 2)
1350 4413 1476 4479 Cap.
1515 4416 1564 4467 3.
1734 4411 1790 4482 3)
1832 4412 1911 4477 Of.
1951 4412 2191 4463 Suetonii
2229 4412 2401 4465 Octav.
2441 4412 2746 4476 Auqustum

513 4499 552 4539 c.
596 4486 657 4537 1:
695 4483 931 4537 Gentem
969 4483 1255 4537 Octaviam
1292 4490 1380 4539 etc.
